3529 5394
1782 356 1865 420 10

456 585 735 632 occasus
780 573 878 631 est
924 572 1044 629 etc.
1077 563 1390 628 Conferas
1435 581 1608 627 nunc
1641 583 1790 627 cum
1832 563 1909 627 iis
1941 562 2193 626 Albucii
2231 562 2343 627 Sili
2374 563 2828 626 sententiolam
2863 582 2903 627 a
2933 564 3187 628 Seneca
3247 645 3252 651 .

460 672 719 737 rhetore
766 671 948 736 Suas,
1001 672 1056 747 1,
1104 671 1144 734 3
1191 668 1546 733 laudatam:
1596 668 1908 750 quidquid
1938 667 2021 730 ad
2052 687 2380 731 summum
2413 668 2726 749 pervenit,
2775 669 3181 733 incremento

464 796 597 841 non
633 776 887 858 reliquit
915 777 1132 841 locum
1164 804 1169 809 ·
1181 824 1437 839 .....
1484 793 1564 838 ac
1595 793 1728 838 non
1766 773 2096 854 dubitabO,
2142 775 2297 854 quin
2338 774 2843 855 adstipulaturus
2888 776 2976 839 sis
3026 776 3184 839 mihi

462 882 799 964 iudicanti,
847 883 1041 947 talem
1089 899 1483 945 consensum
1530 879 1864 944 fortuitum
1928 897 2075 942 esse
2141 898 2274 943 non
2344 898 2553 960 posse.
2630 879 2957 958 ⁸Quamvis
3006 882 3180 945 enim

459 989 781 1055 eiusmodi
851 986 1381 1071 quaestiunculae
1449 985 1804 1049 multorum
1871 986 1978 1048 illo
2038 993 2331 1065 tempore
2401 989 2867 1066 occupaverint
2929 988 3183 1052 animos

461 1102 660 1176 atque
729 1093 1008 1158 Velleius
1084 1090 1457 1155 Patere-ulus
1521 1090 1599 1154 de
1668 1090 1900 1154 eadem
1970 1108 2040 1153 re
2105 1089 2310 1153 fusius
2372 1090 2715 1171 disputarit
2782 1094 3183 1171 1,16-—17‚

465 1201 719 1266 videtur
778 1206 998 1263 tamen
1056 1199 1306 1263 Seneca
1370 1195 1796 1277 philosophus
1865 1214 1999 1259 non
2065 1214 2142 1259 ex
2188 1197 2522 1262 communi
2567 1200 3018 1279 promptuario
3064 1220 3183 1264 sua

466 1307 782 1383 hausisse,
830 1304 943 1368 sed
990 1305 1245 1385 paterni
1291 1301 1505 1383 operis
1551 1302 1869 1383 pressisse
1915 1302 2203 1380 vestigia.

678 1602 746 1668 C.
795 1601 1065 1665 Plinii
1135 1599 1716 1681 panegyricus
1787 1599 1854 1662 in
1910 1598 2168 1662 laudem
2234 1600 2646 1680 imperatoris
2711 1601 2972 1665 Traiani
3039 1621 3186 1684 per·

368 1701 376 1709 ’
463 1712 743 1792 scriptus
803 1707 1112 1772 eximium
1178 1713 1276 1771 est
1344 1711 1843 1770 monumentum
1914 1705 2081 1768 illius
2142 1705 2269 1768 stili
2331 1705 2746 1784 lascivientiS,
2814 1703 3188 1788 qualem'in

462 1817 703 1882 scholis
761 1815 1054 1878 rhetores
1123 1813 1559 1876 excoluerunt.
1630 1810 1850 1875 Scatet
1914 1811 2153 1874 etenim
2218 1810 2373 1873 illud
2435 1811 2822 1891 opusculum
2886 1813 3187 1877 omnibus

466 1920 771 1997 artificiiS,
820 1935 997 2000 quae·
1032 1918 1120 1982 ibi
1166 1936 1409 1981 excusa
1453 1923 1622 1995 sunt,
1671 1916 1965 1980 abundat
2011 1918 2360 1996 praecipue
2391 1917 2721 1982 antithetis
2760 1923 2820 1983 et
2852 1920 3189 1983 sententiis

460 2026 920 2093 audacioribus
1000 2025 1280 2108 eiusque„
1342 2023 1586 2102 figurae
1662 2021 2010 2102 exemplis,
2090 2040 2287 2103 quam
2365 2022 2595 2086 Graeci
2680 2024 3190 2097 antimetabolen

468 2135 942 2212 nuncuparunt.
1032 2129 1380 2193 Schemata
1442 2129 1635 2191 nimis
1696 2129 1925 2191 crebra
1986 2133 2051 2190 et
2114 2146 2305 2192 aures
2367 2128 2690 2192 titillantia
2750 2130 2841 2193 ita
2882 2131 3191 2195 continuo

467 2256 612 2304 sese
687 2236 1035 2317 excipiunt,
1100 2240 1172 2297 ut
1235 2234 1442 2296 oratio
1506 2233 1833 2298 interdum
1907 2250 2061 2296 suos
2118 2233 2278 2296 fines
2348 2234 2567 2312 egredi
2638 2241 2702 2298 et
2746 2235 2829 2299 ad
2876 2237 3191 2300 musicam

474 2360 898 2408 numerorum
961 2341 1280 2404 rationem
1329 2339 1595 2420 propius
1659 2338 1971 2403 accedere
2017 2337 2335 2415 videatur,
2398 2358 2565 2419 quae
2612 2359 2731 2419 reS,
2781 2360 2861 2404 ne
2906 2341 3193 2405 taedium

471 2455 749 2529 moveat,
818 2447 924 2509 vix
972 2451 1032 2509 et
1081 2463 1274 2523 aegre
1318 2445 1545 2509 evitari
1592 2450 1821 2525 potest.
1892 2445 2063 2507 Inter
2108 2462 2187 2507 ea
2232 2463 2390 2508 vero
2431 2446 2742 2516 orationis
2790 2455 3193 2526 ornamenta,

473 2573 640 2637 quae
686 2553 770 2617 ad
819 2550 1147 2614 fastidium
1194 2567 1397 2631 usque
1442 2556 1824 2630 repetuntur
1870 2550 2225 2631 praecipue
2275 2550 2429 2613 illud
2476 2552 2972 2630 numeraverim,
3020 2552 3194 2634 quod

473 2660 717 2725 Plinius
800 2664 1149 2740 postquam
1214 2673 1413 2719 unam
1472 2655 1755 2737 aliquam
1823 2656 2236 2737 imperatoris
2308 2656 2749 2720 laudationem
2818 2657 3188 2735 absolverit,

475 2764 813 2848 permultis
874 2764 1032 2826 locis
1098 2762 1364 2826 maioris
1415 2763 1727 2825 momenti
1776 2761 2016 2842 aliquid
2064 2762 2333 2842 ingerat,
2380 2768 2450 2825 ut
2493 2763 2941 2844 praecedentis
2988 2764 3196 2827 laudis

472 2873 606 2935 vim
653 2873 1000 2949 exsuperet
1046 2886 1218 2931 novo
1264 2867 1724 2937 additamento.
1819 2868 1912 2930 Ita
1977 2867 2239 2948 quidem
2301 2869 2556 2945 magnis
2622 2868 2922 2932 maximis
2970 2870 3196 2949 ingen-

472 2977 645 3042 tibus
690 2993 948 3055 semper
1013 2991 1178 3055 quae
1245 2979 1730 3054 opponerentur
1797 2974 2045 3036 maiora
2088 2974 2342 3037 auctori
2387 2974 2471 3036 ad
2518 2992 2623 3038 res
2670 2975 3001 3054 augendas
3034 2993 3194 3055 -pro-

472 3081 622 3145 clivi
670 3086 927 3160 praesto
974 3084 1176 3143 erant.
1268 3077 1361 3142 Cf.
1410 3081 1476 3142 7:
1538 3077 1820 3141 videaris
1867 3077 2016 3142 licet
2076 3078 2250 3159 quod
2296 3086 2394 3143 est
2441 3080 2914 3160 amplissimum
2962 3098 3194 3144 conse·

474 3193 662 3251 cutus
708 3186 879 3249 inter
909 3183 1224 3262 homineS,
1270 3183 1520 3247 felicius
1553 3188 1776 3246 tamen
1811 3189 1952 3246 erat
1997 3183 2169 3265 illud,
2217 3183 2389 3264 quod
2420 3183 2755 3265 reliquisti;
2811 3185 2890 3248 14
2923 3186 3199 3249 multum

478 3297 578 3358 est
651 3289 824 3372 quod
902 3289 1332 3370 perseverasti
1389 3338 1401 3350 .
1458 3338 1471 3350 .
1533 3338 1545 3351 .
1606 3340 1617 3352 .
1674 3287 1819 3368 plus
1900 3273 2121 3351 tamen
2203 3287 2373 3369 quod
2432 3339 2445 3351 .
2491 3340 2504 3352 .
2558 3340 2570 3352 .
2618 3338 2631 3351 .
2679 3310 2692 3368 3
2777 3290 2859 3353 23
2944 3297 3200 3369 gratum

477 3396 651 3478 quod
695 3444 709 3458 .
755 3446 768 3458 .
817 3444 830 3458 .
881 3446 892 3457 .
940 3394 1181 3474 gratius
1243 3400 1463 3457 tamen
1532 3393 1705 3475 quod
1752 3443 1767 3456 .
1815 3444 1828 3456 .
1876 3444 1888 3457 .
1936 3444 1949 3456 .
1998 3414 2011 3472 3
2076 3394 2159 3457 27
2224 3412 2533 3473 magnum
2594 3401 2694 3459 est
2739 3444 2752 3457 .
2802 3444 2817 3460 .
2864 3445 2878 3459 .
2928 3446 2940 3459 .
2989 3396 3199 3459 maius

480 3509 726 3579 tamen3
794 3502 878 3564 36
938 3499 1165 3579 ingens
1215 3500 1341 3563 hoc
1408 3500 1731 3578 meritum,
1798 3498 2007 3562 maius
2073 3498 2231 3561 illud
2278 3499 2451 3580 quod
2797 3549 3059 3567 .....
3109 3500 3203 3565 Cf.

479 3607 714 3672 similia
761 3625 1028 3686 prorsus
1075 3604 1372 3686 exempla
1419 3606 1522 3684 41,
1571 3606 1656 3669 56
1704 3603 1768 3685 (2
1816 3604 1958 3688 ex.),
2005 3603 2109 3680 59,
2160 3605 2262 3686 65,
2309 3606 2414 3677 73,
2462 3607 2564 3686 74,
2612 3605 2713 3669 83.

684 3712 903 3792 ltaque
950 3711 1072 3774 hac
1117 3709 1423 3791 loquendi
1469 3711 1739 3788 ratione,
1791 3727 1955 3789 quae
2002 3710 2202 3772 etiam
2251 3709 2394 3772 aliis
2432 3710 2810 3773 auctoribus
2840 3715 2912 3775 ut
2942 3710 3203 3775 Valerio

477 3816 759 3880 Maximo
808 3822 947 3879 erat
992 3814 1349 3891 familiariS,
1401 3814 1638 3877 mirum
1685 3814 1753 3876 in
1803 3813 2071 3877 modum
2117 3812 2362 3877 abusus
2409 3820 2507 3878 est
2553 3815 2814 3879 Plinius,
2897 3815 3208 3893 Quamvis

479 3923 655 3989 enim
700 3929 928 3985 auctor
975 3927 1119 4001 post
1166 3919 1543 3997 Quintiliani
1608 3924 1891 3984 aetatem
1938 3920 2171 3983 vixerit
2218 3925 2282 3983 et
2322 3937 2362 3982 a
2407 3919 2598 3983 huius
2644 3921 2929 3984 auctoris
2960 3920 3207 4001 studiiS,

483 4046 650 4109 quae
711 4027 793 4090 ad
839 4026 1240 4107 deperditam
1299 4027 1619 4089 sermonis
1666 4024 1848 4090 latini
1893 4025 2239 4088 sanitatem
2285 4025 2754 4089 restituendam
2799 4025 3205 4106 spectabant,

483 4153 616 4198 non
646 4132 838 4196 fuerit
868 4133 1140 4209 alienuS,
1186 4130 1697 4195 declamatorum
1729 4137 1952 4194 tamen
1986 4138 2050 4194 et
2079 4131 2206 4194 stili
2252 4149 2292 4193 a
2337 4131 2586 4194 Seneca
2624 4133 2913 4213 corrupti
2942 4132 3207 4197 delicias

485 4239 676 4304 altius
738 4238 805 4301 in
872 4239 1010 4302 eius
1077 4242 1339 4319 pectore
1387 4236 1691 4316 haesisse,
1763 4235 2139 4316 complures
2213 4236 2351 4300 eius
2411 4238 2733 4300 sermonis
2782 4239 3211 4318 proprietates

482 4350 815 4409 testantur.
904 4342 1058 4406 Inde
1126 4343 1433 4420 manavit,
1501 4341 1674 4422 quod
1737 4341 2059 4405 Senecam
2135 4359 2609 4428 nonnunquam
2680 4343 3039 4408 imitatione
3102 4362 3213 4407 ex-

485 4450 737 4531 pressit,
782 4449 955 4530 quod
1000 4448 1190 4511 huius
1234 4447 1684 4510 admirationis
1730 4446 1973 4510 indicia
2016 4447 2085 4509 in
2135 4447 2531 4528 Panegyrico
2580 4467 2836 4531 quoque
2869 4448 3214 4513 manifesta

491 4561 659 4617 sunt.
751 4555 822 4616 ln
889 4558 1266 4617 transcursu
1334 4552 1524 4617 liceat
1593 4570 2129 4631 commemorare,
2187 4552 2403 4617 locum
2474 4554 2840 4618 Plinianum
2887 4554 3037 4635 (88),
3084 4572 3214 4635 quo

492 4665 719 4722 auctor
802 4657 1155 4721 Traianum
1216 4676 1364 4721 cum
1430 4657 1784 4721 maximum
1854 4662 1991 4720 tum
2050 4657 2372 4738 optimum
2427 4677 2687 4740 quoque
2750 4661 3215 4740 imperatorem
