3529 5394
1761 325 1803 388 9

410 534 636 598 rhetor
695 551 773 596 eo
833 532 1167 614 peccabat,
1232 531 1405 613 quod
1471 533 1539 594 in
1601 531 2183 596 declamationibus
2252 531 2388 594 eius
2448 534 2807 597 sententiae
2873 554 3141 614 prorsus

414 637 608 701 modo
639 638 972 716 carebant3
1020 636 1376 717 repetendo
1415 638 1879 718 corrumpebat
1910 654 1987 700 ea
2019 655 2184 716 quae
2218 637 2417 700 semel
2453 637 2621 700 dicta
2655 638 2911 717 placere
2956 647 3143 720 potu-

322 811 326 814 ,
410 743 614 806 issent
655 741 1123 823 laborabatque
1168 742 1396 808 eodem
1442 743 1598 806 vitio
1645 748 1839 825 atque
1886 741 2169 822 Ovidius,
2218 742 2683 806 moderationis
2728 744 3000 809 defectu

630 1040 693 1102 L.
762 1040 1179 1103 Annaeus
1242 1040 1573 1103 Seneca
1650 1039 1853 1101 multa
1918 1039 2140 1103 debuit
2210 1039 2378 1119 patri
2447 1045 2509 1103 et
2578 1039 2851 1103 fortasse
2923 1041 3141 1124 plura,

419 1163 611 1225 quam
660 1146 800 1224 ipse
847 1150 1031 1226 pater
1077 1151 1378 1226 optasset.
1451 1143 1630 1222 Quae
1678 1145 1853 1208 enim
1901 1145 2152 1208 Seneca
2196 1146 2434 1222 rhetor,
2485 1144 2581 1207 vir
2626 1147 2768 1208 sani
2816 1146 3141 1227 sobriique

414 1250 634 1313 iudicii
677 1249 820 1312 filiis
870 1250 1224 1331 proposuit,
1293 1250 1422 1314 alia
1488 1268 1652 1331 quae
1700 1251 1992 1329 argutius
2040 1249 2510 1314 declamatores
2558 1251 2964 1315 invenissent
3012 1253 3142 1315 col-

416 1356 710 1428 laudans,
787 1357 1050 1434 ingenia
1119 1357 1423 1420 iuvenilia
1491 1356 1908 1434 formaturUS,
1976 1356 2103 1419 alia
2166 1374 2323 1419 vero
2380 1374 2548 1437 quae
2615 1356 2829 1419 minus
2876 1357 3147 1421 feliciter

372 1461 822 1525 scholasticis
893 1463 1243 1526 cessissent
1308 1462 1769 1542 perstringenS,
1876 1480 2004 1542 quo
2077 1460 2524 1526 adulescentes
2595 1460 2679 1524 ab
2754 1462 3147 1542 ineptiarum

420 1566 722 1647 periculis
797 1566 1166 1646 deterreret,
1243 1587 1321 1631 ea
1395 1568 1536 1630 sine
1615 1566 1868 1630 delectu
1938 1585 2016 1629 ac
2084 1567 2285 1630 nimio
2333 1585 2482 1630 cum
2529 1566 2763 1630 ardore
2810 1568 3147 1647 amplexus

420 1680 520 1737 est
585 1673 836 1754 LuciuS,
904 1674 1013 1754 qui
1079 1675 1145 1735 in
1208 1672 1435 1737 libellis
1494 1672 1985 1737 conscribendis
2048 1672 2334 1735 artificiis
2400 1672 2734 1737 rhetorum
2800 1673 2993 1735 nimis
3049 1676 3147 1736 in—

422 1778 631 1841 dulsit.
678 1778 845 1841 Nam
893 1779 1108 1858 operis
1156 1779 1409 1858 paterni
1455 1778 1789 1841 assiduum
1838 1796 1987 1841 eum
2028 1777 2226 1840 fuisse
2257 1777 2565 1841 lectorem
2612 1776 2758 1839 libri
2806 1784 2869 1842 et
2917 1781 3150 1858 poetici

422 1891 487 1948 et
533 1883 742 1946 soluta
787 1884 1080 1948 oratione
1127 1883 1210 1946 ab
1256 1884 1399 1963 ipso
1446 1885 1695 1947 exarati
1742 1882 2104 1946 luculenter
2149 1888 2446 1959 arguunt.
2494 1882 2940 1962 Lectionisque
2982 1884 3153 1947 illius

424 1990 710 2068 vestigia,
758 2007 926 2069 quae
959 1988 1218 2069 quidem
1266 1989 1333 2051 in
1365 1988 1714 2065 tragoediis
1762 1989 2321 2068 conspicerentur,
2368 1987 2851 2051 accuratissime
2900 1989 3154 2068 collegit

424 2094 787 2159 Fridericus
833 2095 959 2158 Leo
1005 2095 1072 2157 in
1118 2095 1540 2173 sagacissima
1588 2093 2058 2173 dissertatione,
2106 2111 2236 2173 qua
2269 2094 2714 2156 Romanorum
2747 2095 3148 2170 tragoediam

424 2200 815 2268 rhetoricam
859 2199 1215 2262 illustravit.
1286 2197 1402 2279 (De
1473 2198 1762 2263 Senecae
1829 2197 2176 2277 tragoediis
2240 2197 2495 2261 observ.
2546 2198 2681 2259 crit.
2721 2198 2926 2261 Berol.
2978 2202 3147 2265 1878

394 2284 485 2385 Ἰ).
538 2306 704 2387 153).
763 2306 986 2368 Restat
1049 2305 1270 2382 igitur,
1341 2311 1412 2366 ut
1473 2303 1551 2366 de
1617 2304 1758 2379 aliis
1818 2303 2107 2366 auctoris
2171 2302 2500 2382 opusculis
2566 2302 2887 2383 quaedam
2946 2304 3149 2368 adno-

425 2417 654 2474 temus,
703 2411 795 2472 Ac
844 2412 1124 2490 primum
1174 2409 1432 2492 quidem
1482 2409 1782 2487 monebO,
1849 2410 1915 2471 in
1980 2410 2106 2472 stili
2154 2409 2293 2473 eius
2339 2392 2565 2472 tenore
2613 2415 2676 2472 et
2723 2408 2938 2472 colore
2988 2431 3149 2475 non-

428 2517 605 2579 nulla
650 2534 842 2594 posse
887 2515 1301 2595 deprehendi,
1374 2534 1540 2596 quae
1605 2515 1686 2578 ad
1758 2514 2090 2594 exemplar
2138 2514 2686 2579 declamationum
2731 2532 2770 2576 a
2812 2522 2994 2593 patre
3042 2537 3148 2581 ex-

427 2622 784 2703 positarum
832 2620 1134 2684 videntur
1178 2639 1321 2684 esse
1368 2620 1764 2684 elucubrata.
1821 2622 1942 2683 Pro
1982 2620 2198 2683 multis
2245 2618 2557 2699 exemplis
2604 2638 2805 2681 unum
2845 2630 3145 2702 ponatur,

423 2727 539 2791 sed
615 2727 770 2789 satis
842 2726 1168 2790 idoneum.
1265 2728 1337 2789 In
1412 2728 1666 2806 dialogo
1742 2728 1822 2790 de
1892 2727 2259 2790 constantia
2326 2726 2642 2806 sapientis
2728 2728 2823 2805 13,
2915 2731 2955 2790 4
3038 2732 3148 2793 tali

427 2830 824 2912 apostrophe
892 2832 1238 2910 alloquitur
1318 2832 1568 2895 Seneca
1648 2832 1843 2895 Asiae
1925 2849 2181 2910 regem,
2242 2830 2634 2894 debilitatem
2717 2837 2779 2893 et
2865 2834 3151 2911 pericula

427 2938 566 3002 eius
640 2939 966 3015 potentiae
1036 2944 1663 3017 repraesentaturus:
1735 2937 1953 3002 Habes
2024 2940 2147 3001 sub
2216 2945 2279 3001 te
2357 2937 2630 3000 Parthos
2695 2942 2757 3000 et
2818 2937 3039 3002 Medos
3086 2949 3151 3005 et

432 3043 829 3119 BactrianoS,
876 3042 990 3105 sed
1036 3060 1199 3122 quos
1247 3047 1421 3105 metu
1469 3042 1785 3118 contines‘,
1848 3043 1962 3105 sed
2026 3049 2291 3123 propter
2339 3061 2501 3122 quos
2548 3041 2876 3105 remittere
2923 3061 3150 3106 arcum

426 3147 544 3210 tibi
590 3165 722 3209 non
767 3148 1052 3224 contigit,
1124 3147 1238 3211 sed
1286 3154 1674 3228 postremOS,
1741 3146 1856 3210 sed
1905 3147 2186 3223 venaleS,
2258 3147 2372 3210 sed
2437 3165 2680 3209 novum
2748 3155 3150 3228 aucupantes

428 3252 805 3315 dominium.
853 3288 938 3297 —
988 3251 1147 3316 Vide
1195 3271 1385 3329 nunc,
1431 3253 1686 3325 amabO,
1737 3270 1934 3331 quam
1982 3251 2176 3314 simili
2217 3251 2593 3328 gradatione
2626 3251 2799 3332 apud
2834 3252 3150 3316 Senecam

428 3362 678 3439 patrem
751 3359 934 3420 Suas.
1002 3358 1067 3420 ΙΙ.
1142 3360 1221 3421 18
1295 3357 1694 3422 declamator
1764 3357 2189 3420 scholasticus
2235 3355 2461 3419 Victor
2528 3357 2745 3420 Stator
2792 3357 3151 3436 Spartanos

430 3461 513 3525 ad
559 3461 1025 3542 Thermopylas
1085 3468 1450 3543 pugnantes
1510 3461 1886 3525 laudaverit.
1960 3461 2291 3524 »Trecenti
2354 3480 2599 3536 sumuS,
2671 3461 2879 3541 inquit
2884 3508 3150 3538 .....

428 3549 718 3646 trecenti,
763 3566 878 3629 sed
924 3567 1066 3643 viri,
1115 3568 1227 3630 sed
1276 3567 1530 3643 armati,
1579 3567 1693 3630 sed
1742 3566 2052 3648 LaconeS,
2098 3565 2213 3630 sed
2260 3565 2342 3628 ad
2388 3564 2917 3646 Thermopylas«.

641 3671 968 3735 Eiusmodi
1016 3690 1173 3735 vero
1221 3671 1665 3752 exemplorum
1717 3689 2027 3734 numerus
2062 3675 2279 3750 posset
2323 3669 2406 3732 ad
2438 3669 2769 3732 libidinem
2808 3672 3049 3747 augeri,
3098 3674 3155 3735 si

429 3783 577 3841 acta
611 3795 807 3855 agere
851 3775 1162 3840 vellemus
1204 3783 1265 3841 et
1305 3776 1370 3839 id
1415 3775 1695 3857 probare
1741 3776 1914 3856 quod
1960 3782 2141 3839 extra
2171 3775 2687 3838 controversiam
2720 3776 3002 3854 positum
3036 3783 3150 3853 est,

430 3884 747 3947 Senecam
797 3881 1254 3962 philosophum
1323 3901 1362 3945 a
1422 3881 1763 3944 rhetoricis
1826 3881 2053 3944 studiis
2101 3899 2237 3944 non
2284 3878 2479 3943 fuisse
2527 3880 2813 3942 alienum
2860 3888 2924 3945 et
2967 3882 3157 3945 scho-

428 3987 693 4050 lasticos
738 3985 920 4049 fucos
967 3986 1160 4066 plena
1204 4005 1403 4049 manu
1449 3986 1584 4049 suis
1633 3985 2033 4066 adspersisse
2081 3985 2369 4063 dialogis,
2415 3983 2630 4048 Unum
2673 3992 2891 4049 tamen
2936 3985 3153 4050 locum

429 4092 945 4173 praetermittere
992 4108 1125 4154 non
1164 4109 1450 4171 possum,
1499 4109 1624 4170 quo
1674 4089 1936 4172 quidem
1984 4108 2081 4166 ea,
2133 4107 2299 4170 quae
2345 4089 2519 4168 apud
2553 4097 2805 4169 patrem
2834 4089 3155 4173 leguntur,

433 4197 566 4259 fere
613 4195 695 4259 ad
739 4194 1010 4258 verbum
1059 4213 1099 4256 a
1146 4193 1534 4275 philosopho
1582 4212 1889 4273 expressa
1934 4199 2087 4256 sunt
2133 4200 2196 4258 et
2242 4192 2428 4269 rati0,
2479 4211 2645 4273 quae
2691 4194 2859 4258 inter
2904 4202 3155 4259 utrum-

430 4318 555 4379 que
603 4307 935 4364 auctorem
998 4298 1453 4375 intercesserit,
1521 4299 1762 4379 optime
1832 4297 2203 4362 illustratur.
2273 4297 2338 4361 L.
2382 4298 2693 4362 Annaeus
2762 4300 3012 4366 Seneca
3088 4300 3155 4364 in

431 4403 890 4470 Consolatione
936 4404 1020 4467 ad
1063 4403 1377 4467 Marciam
1424 4422 1475 4467 c.
1520 4404 1634 4471 ‚23
1683 4403 1761 4467 de
1809 4403 2149 4483 fragilitate
2198 4404 2525 4467 humanae
2572 4404 2891 4469 felicitatis
2938 4405 3157 4487 dispu-

428 4516 579 4572 tans
625 4510 788 4574 haec
835 4508 1586 4593 profem-Quidquid
1631 4509 1728 4572 ad
1777 4528 2187 4572 summum
2235 4511 2654 4590 pervenit,
2701 4510 2800 4573 ad
2846 4512 3155 4575 exitum

428 4631 699 4694 prope
744 4620 993 4677 est..
1043 4612 1359 4677 ..Nam
1425 4612 1557 4676 ubi
1623 4612 2162 4677 incremento
2210 4614 2448 4677 locus
2497 4633 2666 4677 non
2712 4624 2853 4693 est,
2902 4616 3157 4679 vicinus
