3529 5394
1802 410 1843 477 4

454 623 847 690 locutionem
895 624 1065 687 hanc
1109 623 1367 688 iteravit
1408 623 1476 702 ΙΙ,
1528 625 1673 703 103,
1722 627 1779 690 2.
1825 622 2126 689 Valerius
2167 621 2487 685 Maximus
2535 620 2766 685 eadem
2815 639 2977 685 voce
3022 640 3176 684 con-

451 731 756 795 sortionis
800 750 957 794 usus
1003 737 1102 795 est
1145 730 1406 811 saepius
1450 730 1551 809 IV,
1601 732 1660 808 2,
1711 733 1749 795 2
1799 730 2123 814 (imperii),
2173 728 2274 806 IV,
2324 731 2384 806 6,
2433 730 2473 793 3
2524 728 2706 810 (fati),
2754 727 2854 804 IV,
2905 731 2942 792 7
2976 728 3172 808 praef.

443 836 886 919 (deliciarum),
931 835 1029 914 lV,
1078 838 1137 914 7,
1172 837 1213 900 5
1260 833 1537 920 (laudis).
1586 836 1797 914 Quam
1845 835 2104 919 quidem
2151 834 2455 899 vocabuli
2504 834 2781 898 formam
2828 843 3173 916 propterea

439 943 878 1006 adnotandam
929 961 1072 1007 esse
1119 941 1363 1018 censui,
1414 942 1566 1024 quia
1613 960 1763 1005 raro
1812 941 2171 1006 exhibetur.
2239 941 2331 1007 Ex
2379 939 2556 1018 Livio
2603 960 2807 1004 unum
2856 939 3166 1021 descripsi

441 1049 674 1125 locum,
746 1067 873 1130 quo
939 1055 1168 1113 auctor
1237 1048 1465 1112 eadem
1534 1066 1694 1114 voce
1763 1048 1958 1112 simili
2027 1047 2221 1113 modo
2270 1054 2464 1128 atque
2510 1047 2793 1111 Velleius
2841 1065 2998 1110 usus
3047 1052 3161 1111 est.

440 1153 532 1219 Cf.
605 1157 709 1231 40,
788 1157 847 1231 8,
926 1155 1005 1220 12
1087 1155 1598 1236 (consortionem
1680 1154 1849 1219 inter
1933 1153 2143 1218 bonos
2224 1153 2585 1237 reges).‚--
2632 1154 2704 1216 In
2776 1152 3171 1217 transitione

358 1324 361 1327 ,
440 1260 850 1337 narrationiS,
922 1260 1077 1323 dum
1151 1260 1234 1323 ad
1302 1259 1526 1324 laudes
1598 1258 1871 1325 alicuius
1940 1261 2222 1324 hominis
2291 1278 2436 1324 sese
2499 1259 2822 1323 convertit
2867 1258 3170 1341 Velleius,

438 1365 694 1430 duobus
740 1366 899 1430 locis
929 1364 1200 1431 verbum
1233 1368 1572 1447 usurpavit
1617 1366 2096 1431 fraudandi.
2144 1365 2236 1431 Cf.
2268 1366 2337 1444 ΙΙ,
2374 1367 2477 1443 76,
2519 1368 2570 1429 1:
2607 1364 2981 1430 testimonio
3029 1415 3041 1428 .
3090 1414 3103 1427 .
3153 1414 3167 1427 .

438 1490 572 1536 non
616 1471 934 1537 fraudabo
995 1491 1190 1536 avum
1254 1491 1497 1552 meum;
1569 1473 1636 1551 ΙΙ,
1687 1474 1791 1551 92,
1845 1476 1898 1538 1:
1948 1473 2355 1555 praeclarum
2404 1471 2646 1536 factum
2695 1470 3030 1535 Saturnini
3081 1488 3164 1534 ne

438 1577 772 1643 fraudetur
819 1580 1146 1643 memoria.
1195 1578 1286 1644 Cf.
1334 1586 1673 1661 praeterea
1721 1578 1895 1661 apud
1941 1578 2097 1643 Vell.
2144 1579 2212 1656 ΙΙ,
2255 1577 2472 1655 12,-6;
2524 1595 2657 1641 non
2703 1583 2926 1641 tamen
2974 1577 3167 1640 huius

439 1684 815 1748 consulatus
848 1684 1181 1749 fraudetur
1211 1685 1415 1763 gloria
1461 1692 1525 1749 et
1568 1685 1638 1762 ΙΙ,
1672 1685 1777 1762 32,
1813 1686 1877 1750 2;
1927 1683 2299 1748 testimonio
2348 1683 2670 1747 fraudare.
2716 1681 2964 1746 Horum
3011 1699 3166 1745 vero

440 1790 675 1854 similia
734 1791 1006 1873 legimus
1064 1791 1251 1872 apud⁴
1282 1790 1616 1856 Valerium
1663 1790 2016 1854 Maximum
2072 1793 2128 1868 1,
2178 1793 2235 1867 1,
2285 1792 2347 1854 9:
2397 1787 2744 1853 Bibaculus
2795 1837 2810 1852 .
2857 1837 2875 1849 .
2920 1838 2932 1850 .
2979 1787 3170 1852 laude

441 1895 841 1960 fraudandus
873 1915 1007 1961 non
1039 1903 1152 1961 est.
1201 1895 1399 1960 Cuius
1447 1896 1709 1978 quidem
1750 1895 2050 1960 vocabuli
2082 1896 2206 1959 hac
2231 1896 2296 1959 vi
2326 1895 2602 1977 praediti
2627 1913 2783 1958 usus
2812 1894 3170 1976 posteriore

434 2000 696 2065 demum
743 2002 1101 2067 increbruit
1146 2008 1376 2066 aetate.
1425 2000 1518 2066 Cf.
1562 1999 1780 2066 Curtii.
1804 2001 1904 2078 IV,
1953 2003 2059 2078 63,
2110 2003 2188 2066 31
2254 2010 2363 2081 (ne
2412 2000 2611 2065 duces
2660 2000 2921 2081 quidem
2967 1998 3159 2063 laude

438 2105 778 2172 fraudandi
813 2107 1010 2197 sunt),
1044 2108 1231 2171 Plinii
1276 2106 1351 2170 H.
1381 2107 1453 2171 N.
1480 2107 1584 2185 32,
1625 2107 1704 2197 21
1757 2108 1864 2189 (ne
1898 2106 2279 2172 fraudentur
2326 2106 2531 2186 gloria
2577 2107 2738 2186 sua),
2790 2104 3161 2183 Quintiliani

438 2211 636 2278 Instit.
683 2214 756 2292 ΙΙ,
810 2216 908 2295 14,
945 2204 1005 2278 '1
1060 2216 1220 2293 (non
1266 2212 1705 2276 fraudaverim
1754 2211 1973 2277 debita
2018 2212 2250 2294 laude).
2289 2249 2375 2259 -——
2420 2213 2784 2276 Innumeris
2830 2211 2963 2276 fere
3009 2211 3169 2274 locis

438 2323 571 2383 tam
612 2321 784 2401 apud
816 2319 1136 2383 Velleium
1171 2337 1366 2401 quam
1405 2317 1578 2399 apud
1613 2317 1948 2384 Valerium
1979 2318 2205 2383 laudes
2254 2325 2365 2382 aut
2400 2319 2914 2399 vituperationes
2961 2316 3174 2380 homi-

451 2445 628 2505 num,
673 2426 781 2508 qui
855 2424 1051 2489 rebus
1094 2424 1287 2503 gestis
1333 2423 1795 2502 inclaruerunt,
1843 2424 2161 2488 vocabulo
2208 2424 2683 2490 efficiendi
2729 2430 2793 2487 et
2835 2422 3168 2487 enuntiato

450 2532 767 2614 apposito,
817 2530 988 2612 quod
1035 2548 1112 2594 ex
1159 2529 1476 2610 particula
1521 2536 1609 2593 ut
1653 2529 1909 2611 pendet,
1958 2537 2387 2612 exponuntur.
2446 2531 2613 2621 Dum
2652 2530 2911 2612 quidem
2950 2546 3167 2594 exem-

449 2639 705 2722 plorum
751 2636 1228 2702 enumerationi
1273 2635 1795 2716 supersedemuS,
1835 2635 2026 2700 liceat
2054 2643 2278 2701 tamen
2307 2637 2657 2702 observare
2689 2636 2888 2714 10005,
2938 2633 3171 2717 quibus

450 2751 719 2825 uterque
785 2750 1012 2808 auctor
1074 2742 1392 2807 eiusmodi
1458 2742 1795 2806 enuntiata
1864 2742 2091 2807 eodem
2139 2762 2407 2825 prorsus
2473 2743 2667 2807 modo
2731 2739 3169 2806 conformarit.

449 2849 680 2915 Verbis
747 2850 920 2914 enim
966 2848 1218 2926 Velleii,
1287 2847 1518 2929 quibus
1565 2846 1796 2912 Cicero
1843 2847 2205 2913 celebratur
2246 2849 2314 2926 ΙΙ,
2364 2851 2469 2925 34,
2519 2852 2590 2914 3:
2653 2850 2759 2931 qui
2808 2846 3035 2923 effecit,
3086 2862 3169 2908 ne

449 2975 726 3039 quorum
771 2973 956 3019 arma
1000 2955 1382 3031 viceramUS,
1432 2972 1655 3018 eorum
1721 2954 1981 3031 ingenio
2027 2955 2458 3032 vinceremur,
2508 2973 2775 3037 prorsus
2821 2949 3169 3033 respondet

446 3062 686 3129 Valerii
733 3061 811 3126 de
855 3061 1140 3125 Vottieni
1185 3066 1392 3125 morte
1441 3061 1729 3124 narratio
1778 3059 1879 3137 VI,
1930 3062 1989 3139 3,
2039 3062 2105 3125 3:
2153 3061 2496 3142 effecitque
2541 3068 2612 3125 ut
2657 3079 2846 3142 quem
2897 3060 3169 3122 honeste

447 3169 744 3250 spiritum
813 3166 1205 3249 profundere
1251 3166 1318 3228 in
1365 3166 1520 3254 acie,
1548 3173 1869 3243 noluerat,
1938 3166 2212 3248 turpiter
2280 3168 2349 3230 in
2417 3167 2664 3232 catenis
2735 3169 3167 3230 consumeret.

447 3274 652 3339 Simili
717 3274 914 3338 modo
979 3272 1267 3337 laudavit
1334 3265 1628 3336 Valerius
1703 3271 2016 3336 Catonem
2086 3274 2153 3351 ΙΙ,
2235 3273 2333 3350 10,
2383 3277 2453 3338 8;
2523 3291 2689 3354 quae
2739 3271 2891 3353 (scil.
2938 3269 3169 3351 virtus)

447 3380 708 3461 quidem
754 3378 980 3455 effecit,
1030 3385 1102 3442 ut
1144 3378 1436 3461 quisquis
1481 3383 1782 3441 sanctum
1831 3385 1895 3442 et
1939 3380 2270 3468 egregium
2316 3380 2525 3444 civem
2585 3379 2947 3457 significare
2994 3374 3169 3451 velit,

444 3487 568 3551 sub
637 3486 900 3549 nomine
966 3483 1231 3548 Catonis
1299 3484 1578 3548 definiat.
1645 3520 1730 3529 —-
1799 3484 2101 3549 Eiusdem
2176 3484 2426 3550 formae
2489 3485 2825 3549 enuntiata
2876 3482 3168 3546 invenies

446 3590 620 3671 apud
666 3589 980 3654 Velleium
1043 3591 1111 3668 ΙΙ,
1178 3593 1323 3668 118,
1373 3594 1415 3655 4
1463 3597 1526 3656 et
1572 3590 1893 3655 Senecam
1942 3590 2021 3656 de
2067 3592 2411 3655 clementia
2462 3594 2517 3668 1,
2574 3592 2671 3668 15,
2723 3592 2781 3654 2.

651 3696 780 3761 Sed
826 3697 990 3761 haec
1037 3697 1370 3761 hactenus.
1421 3696 1588 3760 Dum
1661 3697 1835 3761 enim
1884 3697 2200 3762 minutam
2252 3697 2814 3778 quaestiunculam
2863 3712 3167 3777 perscru-

444 3810 676 3883 tamur,
742 3802 1126 3883 ampliorem
1191 3801 1598 3866 deseruimus
1645 3803 2007 3880 materiam,
2076 3822 2243 3884 quae
2290 3809 2354 3868 et
2400 3803 2664 3867 maioris
2711 3798 3166 3880 estmomenti

444 3916 508 3973 et
553 3908 798 3972 fructus
846 3908 1161 3990 promittit
1205 3907 1558 3972 uberiores
1641 3908 1756 3971 His
1824 3909 2017 3988 igitur
2086 3910 2513 3991 scriptoribus
2583 3908 2884 3985 dimissis,
2949 3905 3165 3969 denuo

444 4032 484 4077 a
528 4014 757 4078 semita
803 4015 869 4077 in
899 4020 1148 4079 rectum
1179 4014 1508 4079 tramitem
1538 4015 2116 4094 transgrediamur,
2169 4015 2277 4096 qui
2325 4015 2408 4079 ad
2456 4017 2806 4079 vastiorem
2855 4030 3164 4092 campum

445 4127 701 4184 nosmet
746 4119 1039 4184 deducat.
1070 4157 1157 4165 -—
1187 4120 1364 4184 Senii
1409 4127 1472 4185 et
1517 4120 1846 4199 languoris
1895 4128 2142 4185 certum
2192 4140 2335 4185 esse
2381 4121 2717 4197 indicium,
2764 4119 2819 4183 si
2863 4126 3165 4182 auctores

443 4226 849 4307 simplicitate
896 4226 1161 4308 antiqua
1207 4232 1428 4306 spreta
1472 4232 1536 4290 et
1579 4226 1852 4303 abiecta,
1922 4226 2226 4290 novitatis
2268 4245 2426 4291 vero
2472 4226 2685 4290 studio
2731 4225 2983 4307 abrepti
3028 4209 3193 4287 ser-⁴

443 4350 705 4395 monem
751 4333 835 4395 ab
881 4332 1118 4396 usitata
1191 4331 1442 4396 ratione
1517 4332 1904 4413 detorquent
1968 4331 2162 4414 idque
2236 4332 2585 4414 praecipue
2632 4338 2917 4412 captant,
2988 4331 3163 4412 quod

442 4436 835 4501 reconditius
882 4438 964 4500 sit
1027 4444 1091 4501 et
1152 4438 1358 4502 lassos
1404 4438 1659 4501 animos
1704 4436 2023 4503 lectorum
2070 4437 2378 4502 inusitato
2427 4439 2601 4502 cultu
2649 4443 2761 4502 aut
2806 4438 3162 4502 sententia-
3282 4522 3288 4527 ·

441 4560 586 4604 rum
655 4542 1118 4623 exquisitarum
1187 4545 1394 4608 nitore
1461 4560 1752 4625 pungere
1822 4550 1885 4607 et
1951 4543 2233 4608 excitare
2300 4543 2532 4623 possit,
2604 4561 2798 4608 nemo
2868 4543 3161 4625 profecto

442 4648 720 4726 negabit.
813 4647 998 4725 Quod
1065 4648 1326 4729 quidem
1394 4650 1623 4713 vitium
1693 4650 1925 4716 aetatis
1974 4656 2319 4728 argenteae
2365 4649 2718 4730 scriptores
2765 4650 2855 4714 ita
2899 4651 3159 4727 invasit,

442 4761 514 4821 ut
583 4772 664 4822 ne
740 4754 1279 4838 praestantissimi
1351 4755 1611 4838 quidem
1676 4754 1819 4836 viri,
1887 4755 2139 4823 Seneca
2184 4753 2609 4839 philosophus
2658 4762 2723 4823 et
2768 4757 3029 4824 Tacitus
3075 4755 3161 4822 ab
