3529 5394
1821 460 1860 521 6

476 667 651 730 enim
696 665 873 747 apud
918 653 1067 731 eum
1139 666 1218 731 de
1263 667 1363 733 ira
1409 668 1451 744 Ι,
1508 667 1615 731 12;
1684 666 2198 732 abominandum
2266 664 2540 730 remedii
2607 683 2809 743 genus
2878 671 2978 731 est
3021 662 3194 731 sani-

477 778 676 837 tatem
747 773 982 837 debere
1048 774 1302 853 morbo;
1373 775 1416 852 Ι,
1471 776 1570 851 16,
1639 775 1679 837 3
1724 775 1985 838 interim
2054 773 2371 854 optimum
2440 771 2925 837 misericordiae
2976 761 3195 849 vgenus

476 885 573 943 est
618 879 938 960 occidere3
1006 879 1087 943 ib.
1133 879 1202 957 II,
1253 880 1357 957 23,
1428 881 1471 944 4
1519 879 1957 960 gratissimum
2030 880 2280 960 putavit
2348 897 2553 957 genus
2622 878 2853 942 veniae
2923 880 3192 955 nescire,

475 984 628 1065 quid
696 986 966 1067 quisque
1035 992 1389 1066 peccasset;
1463 986 1532 1063 ΙΙ,
1606 985 1709 1062 32,
1773 986 1813 1049 3
1881 984 2143 1048 ultionis
2216 983 2944 1049 contumeliosissimum
2992 1001 3196 1063 genus

477 1096 593 1168 est,
666 1109 796 1155 non
866 1109 1009 1157 esse
1071 1091 1287 1154 visum
1353 1090 1639 1171 dignum,
1705 1110 1785 1155 ex
1855 1109 1983 1173 quo
2057 1096 2383 1172 peteretur
2444 1091 2623 1168 ultio;
2711 1089 2791 1155 de
2839 1095 3042 1153 const.
3090 1106 3197 1155 sa-

479 1196 716 1278 pientis
764 1200 864 1276 17,
912 1201 954 1261 4
1003 1216 1202 1279 genus
1247 1199 1506 1264 ultionis
1555 1206 1651 1266 est
1698 1201 1949 1280 eripere
1995 1199 2074 1276 ei,
2142 1199 2251 1282 qui
2299 1200 2463 1278 fecit,
2513 1198 2721 1262 factae
2768 1195 3198 1262 contumeliae

484 1302 906 1384 voluptatem3
988 1303 1067 1370 de
1133 1305 1475 1370 clementia
1545 1306 1598 1381 I,
1670 1304 1776 1383 22,
1853 1307 1882 1371 1
1955 1306 2359 1387 impunitatis
2429 1323 2632 1385 genus
2699 1310 2799 1368 est
2865 1304 2996 1367 iam
3067 1320 3198 1366 non

481 1409 724 1474 habere
792 1428 1042 1492 poenae
1117 1410 1359 1489 locum;
1437 1410 1516 1475 de
1584 1410 1795 1478 benef.
1864 1410 1964 1489 IV,
2037 1413 2142 1487 40,
2208 1414 2250 1475 4
2310 1410 2621 1476 reiciendi
2669 1428 2873 1489 genus
2919 1416 3015 1473 est
3061 1458 3074 1471 .
3123 1459 3135 1472 .
3183 1459 3195 1471 .

481 1533 718 1579 munus
764 1534 1031 1581 munere
1080 1535 1466 1598 expungere.
1559 1516 1650 1581 Cf.
1698 1518 1941 1587 similes
1986 1516 2165 1580 locos
2212 1516 2292 1581 de
2339 1515 2546 1581 benef.
2593 1514 2695 1593 IV,
2748 1519 2846 1592 10,
2896 1516 2968 1592 33
3017 1514 3199 1595 epist.

483 1621 586 1696 88,
635 1621 737 1685 36.
829 1622 1220 1686 Adnotanda
1266 1630 1418 1687 sunt
1465 1641 1659 1705 porro
1727 1624 1930 1691 verba
1989 1622 2175 1685 Plinii
2222 1623 2453 1702 Paneg.
2501 1623 2615 1687 70:
2677 1620 3200 1686 efficacissimum

480 1743 682 1803 genus
728 1734 824 1791 est
870 1728 1142 1806 rogandi
1174 1728 1414 1808 gratias
1459 1746 1652 1809 agere
1686 1727 1750 1813 ¹).
1799 1729 1888 1797 Ex
1915 1727 2581 1805 Pseudo-Quintiliani
2618 1726 3199 1790 declamationibus

482 1831 835 1897 maioribus
881 1833 1043 1897 haec
1089 1833 1401 1915 descripsi
1446 1834 1742 1914 exempla
1793 1836 1894 1913 11,
1944 1834 2015 1905 2:
2065 1852 2267 1914 genus
2303 1832 2616 1898 libertatis
2661 1832 2935 1915 putabat
2983 1831 3199 1896 odisse

480 1940 787 2016 maiores;
834 1940 894 2017 2,
948 1942 1058 2004 14;
1134 1958 1337 2020 genus
1384 1939 1867 2004 infirmissimae
1913 1939 2241 2006 servitutis
2284 1946 2383 2004 est
2427 1957 2627 2003 senex
2674 1939 2976 2016 maritus3
3023 1939 3078 2014 7,
3132 1941 3194 2002 4:

478 2062 680 2123 genus
726 2047 1052 2111 servitutis
1085 2052 1184 2111 est
1213 2053 1442 2111 coacta
1486 2047 1768 2111 libertas
1816 2047 1908 2109 Ex
1942 2045 2523 2114 declamationibus
2570 2052 2791 2110 autem
2838 2043 3197 2108 minoribus

475 2151 753 2230 pertinet
820 2153 948 2216 huc
1018 2152 1198 2217 locus
1267 2153 1324 2217 d.
1389 2154 1517 2218 335
1584 2154 1748 2217 init:
1834 2171 1981 2217 cum
2053 2158 2116 2219 et
2181 2153 2306 2216 hoc
2374 2153 2588 2233 ipsum
2663 2153 2745 2216 sit
2815 2150 3200 2215 calamitatis

478 2273 679 2333 genus
741 2257 903 2322 mori
974 2258 1153 2322 velle.
1242 2258 1676 2339 Hieronymus
1741 2258 2021 2340 denique
2076 2259 2143 2325 in
2189 2263 2470 2322 tractatu
2517 2257 2598 2322 de
2644 2257 2914 2321 muliere
2962 2257 3200 2337 septies

475 2361 604 2427 icta
647 2361 712 2446 (f.
764 2365 885 2429 107
932 2387 976 2429 a
1021 2364 1119 2429 ed.
1170 2365 1498 2445 Erasmus)
1544 2364 1780 2429 similia
1827 2364 2044 2429 habet:
2115 2364 2369 2447 pietatis
2431 2364 2644 2427 visum
2711 2369 2808 2428 est
2876 2381 3081 2443 genus
3128 2368 3198 2426 ut

478 2475 857 2548 paterentur
901 2471 1153 2561 occidi.¹

685 2574 804 2639 Cui
894 2576 1115 2641 aridae
1175 2576 1650 2640 enumerationi
1741 2575 2378 2645 observatiunculam
2459 2575 2957 2639 Tacitinam
3048 2573 3201 2639 sub-

476 2680 760 2746 iciemuS.
806 2680 980 2747 Licet
1025 2688 1251 2747 auctor
1295 2682 1399 2746 hic
1431 2680 1768 2763 proprium
1818 2681 2143 2764 quendam
2191 2686 2254 2750 et
2300 2681 2690 2764 peculiarem
2741 2680 2957 2745 stilum
3005 2699 3199 2745 exco-

475 2787 662 2852 luerit
692 2795 885 2870 atque
921 2788 1179 2852 animus
1225 2789 1363 2853 eius
1408 2788 1724 2853 excelsior
1770 2788 2090 2869 respuerit
2136 2807 2214 2853 ea
2246 2787 2480 2874 quibus
2518 2789 2890 2852 scholastici
2921 2787 3201 2851 delecta-

474 2892 713 2958 bantur
755 2899 819 2958 et
862 2896 1092 2973 vulgus
1139 2894 1477 2974 gaudebat,
1526 2913 1838 2973 magnum
1885 2901 2107 2960 tamen
2152 2914 2371 2961 rerum
2420 2903 2747 2974 gestarum
2814 2895 3196 2976 scriptorem

473 3016 605 3062 non
636 2999 1054 3063 abhorruisse
1086 3009 1351 3079 prorsus
1391 3017 1430 3062 a
1461 2999 1704 3064 saeculi
1734 3000 1837 3062 sui
1869 2999 2159 3064 moribus
2193 3009 2255 3064 et
2280 3001 2648 3080 aequalium
2674 2999 2920 3066 deliciis
2965 3005 3027 3064 et
3073 2998 3199 3079 ipsi

473 3104 600 3168 alio
667 3105 810 3169 loco
878 3105 1249 3169 monuimus
1317 3111 1382 3169 et
1451 3122 1557 3169 res
1628 3104 1976 3185 unicuique
2046 3104 2246 3169 libros
2332 3106 2468 3172 eius
2539 3106 2776 3186 legenti
2849 3104 3196 3169 manifesto

471 3209 824 3291 apparebit.
915 3210 1267 3292 Praecipue
1335 3228 1492 3274 vero
1562 3210 1628 3274 in
1674 3210 1993 3289 Historiis,
2061 3211 2232 3293 quod
2279 3230 2444 3295 opus
2499 3211 2924 3293 »multiplices
2972 3229 3196 3274 rerum

472 3317 905 3381 humanarum
945 3334 1172 3380 casus<
1225 3317 1617 3397 continebat,
1664 3316 1868 3380 multa
1912 3323 2286 3395 occurrunt,
2335 3335 2502 3400 quae
2547 3319 2932 3399 scriptorem
2982 3317 3200 3381 rheto-

469 3423 620 3487 ricis
664 3424 892 3487 studiis
940 3423 1278 3501 diligenter
1325 3422 1653 3503 quondam
1700 3431 1973 3488 vacasse
2018 3423 2379 3490 luculenter
2425 3430 2717 3502 arguant.
2793 3422 3198 3502 Quicumque

472 3527 646 3592 enim
715 3528 783 3592 in
847 3528 1011 3593 libro
1082 3529 1157 3591 ΙΙΙ
1225 3528 1654 3593 Historiarum
1716 3529 2057 3611 perlegerit
2102 3548 2242 3611 cap.
2288 3531 2391 3606 68,
2453 3530 2563 3593 ubi
2609 3529 2903 3594 Vitellius
2950 3529 3198 3593 Palatio

470 3634 694 3698 relicto
743 3633 958 3714 fugam
1004 3634 1371 3712 meditatur,
1420 3634 1870 3700 recordabitur
1926 3635 2217 3716 profecto
2263 3634 2801 3701 scholasticarum
2875 3636 3202 3700 declama-

470 3740 742 3819 tionum,
792 3740 1024 3823 quibus
1070 3742 1363 3805 rhetores
1412 3739 1490 3804 de
1537 3741 1912 3805 hominibus
1973 3759 2014 3805 a
2060 3740 2317 3819 fastigio
2368 3741 2692 3821 potentiae
2739 3741 2953 3806 subito
3001 3741 3200 3805 devo-

476 3846 627 3911 lutis
688 3846 932 3912 flebiles
998 3846 1421 3911 effundebant
1488 3846 1825 3930 querellas.
1898 3845 2069 3911 »Nec
2145 3847 2488 3929 quisquam
2565 3848 2731 3912 adeo
2798 3865 3017 3911 rerum
3079 3847 3204 3910 hu-

475 3971 819 4016 manarum
894 3954 1262 4028 immemor,
1351 3971 1544 4035 quem
1630 3971 1763 4017 non
1839 3959 2282 4017 commoveret
2338 3953 2445 4016 illa
2520 3953 2755 4031 facieS,
2831 3955 3202 4017 Romanum

686 4196 726 4265 ¹)
762 4195 1031 4250 Libellum
1069 4196 1162 4264 qui
1199 4196 1376 4265 magis
1410 4196 1666 4250 omnibus
1701 4195 1991 4251 lenociniis
2029 4196 2253 4251 scholae
2289 4196 2571 4252 lasciviret
2607 4197 2860 4265 equidem
2899 4213 3010 4251 non
3049 4196 3200 4250 novi.

475 4283 674 4338 Textus
730 4283 876 4338 enim
927 4284 1094 4339 huius
1148 4283 1399 4354 opusculi
1452 4285 1564 4339 fere
1619 4287 1881 4339 continua
1935 4290 1989 4340 et
2040 4285 2205 4354 longa
2242 4285 2383 4339 serie
2419 4285 2812 4352 antithetorum
2847 4286 3196 4352 aliarumque

476 4370 776 4440 figurarum
829 4377 1068 4427 constat.
1140 4373 1312 4428 Multa
1367 4373 1486 4426 sine
1540 4371 1706 4426 dubio
1760 4372 1937 4426 Plinio
1993 4376 2050 4426 et
2105 4373 2291 4428 Tacito
2346 4376 2479 4427 sunt
2533 4373 2865 4429 communia.
2944 4374 3027 4428 Ita
3083 4373 3204 4441 qui-

477 4459 602 4512 dem
642 4460 926 4528 asyndeta,
981 4477 1121 4528 quae
1175 4461 1280 4516 tria
1335 4460 1683 4515 substantiva
1735 4466 1832 4514 aut
1886 4460 2157 4514 adiectiva
2211 4466 2309 4515 aut
2362 4462 2534 4516 verba
2599 4461 2897 4529 continent,
2942 4462 3197 4529 frequen-

477 4547 693 4600 tissima
751 4552 878 4601 sunt
919 4547 1065 4616 apud
1105 4549 1352 4604 Tacitum
1395 4549 1611 4618 dialogo
1655 4553 1710 4603 et
1753 4549 2048 4604 Germania
2091 4549 2349 4618 exceptis,
2390 4549 2483 4617 qui
2505 4549 2675 4604 libelli
2700 4550 3000 4605 admodum
3026 4566 3205 4619 pauca

470 4634 635 4687 huius
714 4634 918 4703 figurae
983 4636 1233 4704 exempla
1308 4636 1581 4691 exhibent.
1673 4636 2043 4706 Panegyricus
2127 4636 2286 4689 Plinii
2347 4641 2520 4691 scatet
2576 4653 2776 4706 magno
2853 4637 2972 4691 eius
3050 4635 3206 4690 modi

475 4721 710 4776 triadum
742 4738 990 4778 numer0.
1019 4722 1095 4774 cf.
1127 4723 1171 4792 ξ.
1214 4726 1238 4776 1
1280 4723 1404 4793 (ope
1440 4723 1671 4779 consilio
1708 4724 1957 4795 honore),
2006 4725 2055 4798 ς.
2097 4726 2148 4789 2,
2186 4726 2236 4793 6,
2274 4728 2325 4792 7,
2367 4726 2449 4796 10,
2496 4723 2576 4799 14,
2617 4727 2699 4801 18,
2735 4726 2822 4795 4⁷,
2862 4726 2950 4800 50,
2988 4727 3076 4800 55,
3113 4724 3202 4782 59.

482 4813 568 4893 70,
607 4814 693 4880 71,
729 4813 815 4880 72,
854 4812 938 4890 76,
975 4811 1060 4865 82.
