3529 5394
1812 389 2020 487 ,12-

553 597 691 661 rius
757 597 1038 677 scripsit:
1112 615 1195 661 ex
1252 597 1394 678 quis
1457 598 1594 678 qui
1659 601 1944 662 maxime
2001 599 2287 675 insignes
2333 597 2454 660 visi
2502 647 2514 660 .
2563 646 2576 661 .
2625 647 2638 660 .
2686 644 2700 660 .
2750 647 2764 674 ,
2835 597 3282 679 Wopkensius

555 721 710 767 vero
777 721 1005 766 vocem
1077 702 1248 765 visi
1319 703 1504 766 uncis
1567 704 1842 767 inclusit.
1931 703 2377 767 Ferdinandus
2453 702 2705 765 Becher
2775 702 3086 783 denique,
3167 705 3299 783 qui*-

554 808 998 872 recentissimo
1043 814 1338 888 tempore
1397 808 1795 889 (Festschrift
1857 828 1973 872 zur
2035 807 2491 885 2oo-jahrigen
2536 806 2887 886 Jubelfeier
2933 807 3048 870 der
3093 807 3282 872 Univ.

554 913 755 987 Halle‚
804 913 986 977 Halle
1037 914 1206 977 1894
1252 932 1310 992 p.
1360 912 1557 998 3—4)
1604 914 1748 977 loco
1818 913 2113 977 sanando
2170 931 2439 976 manum
2508 912 2796 975 admovit
2854 930 2973 992 pro
3038 913 3278 977 tradito

557 1037 650 1082 ex
699 1019 912 1099 quiS,
958 1019 1319 1098 proposuit:
1368 1025 1448 1082 et
1494 1020 1658 1098 qui.
1704 1018 1963 1082 Nullam
2008 1025 2228 1081 tamen
2266 1018 2499 1080 harum
2548 1018 3071 1080 coniecturarum
3119 1019 3273 1082 mihi

554 1124 710 1187 satis
762 1123 988 1186 fecisse
1035 1123 1261 1202 fateor;
1323 1131 1391 1187 at
1454 1124 1707 1188 videtur
1754 1124 1935 1187 locus
1991 1124 2319 1187 Tacitinus
2381 1122 2696 1186 levidensi
2760 1123 3119 1188 mutatione
3163 1143 3274 1187 vo-

557 1229 782 1295 cabuli·
841 1230 1010 1292 visi
1083 1229 1417 1293 emendari
1475 1248 1685 1309 posse.
1781 1230 1850 1292 Si
1896 1230 2070 1292 enim
2116 1230 2598 1308 scripserimus:
2672 1246 2752 1290 ex
2802 1227 2945 1307 quis
2995 1229 3274 1294 maxime

556 1332 841 1414 insignes
889 1337 1108 1415 visu,
1156 1340 1226 1397 ut
1276 1383 1287 1394 .
1340 1385 1351 1397 .
1397 1385 1407 1396 .
1457 1385 1467 1396 .
1516 1384 1531 1411 ,
1582 1334 1740 1398 nihil
1772 1342 1836 1399 te
1866 1335 1997 1398 iam
2032 1334 2321 1415 profecto
2354 1333 2652 1396 offendet.
2685 1333 2978 1394 Tacitum
3016 1333 3274 1414 quidem

557 1441 869 1505 censendi
913 1440 1185 1504 verbum
1230 1441 1489 1519 saepius
1556 1459 1705 1503 cum
1772 1440 2143 1504 accusativo
2193 1439 2608 1502 coniunxisse
2655 1437 3011 1501 rectissime
3057 1437 3286 1501 obser-

556 1547 733 1610 vavit
777 1546 1224 1626 Nipperdeyus
1271 1546 1354 1608 ad
1400 1551 1564 1608 Ann.
1616 1548 1716 1622 13,
1766 1549 1831 1624 83
1889 1545 2190 1609 vocabuli
2233 1562 2433 1626 porro
2492 1544 2676 1606 visu
2747 1562 2897 1606 cum
2945 1543 3286 1609 adiectivis

557 1654 786 1741 connexi
832 1652 995 1714 haec
1040 1651 1355 1729 exscripsi
1401 1651 1721 1731 exempla:
1772 1651 1939 1713 Ann.
1995 1654 2052 1725 1,
2100 1651 2182 1712 57
2232 1650 2461 1726 ingens
2508 1649 2681 1726 visu3
2737 1650 2791 1722 1,
2842 1648 2923 1711 61
2976 1647 3119 1717 visu
3168 1647 3286 1711 de-

560 1757 811 1830 formis:
889 1757 946 1835 2,
1022 1760 1102 1821 14
1169 1759 1313 1820 visu
1382 1764 1664 1836 torvum3
1743 1757 1900 1820 Hist.
1946 1761 2006 1839 4,
2072 1757 2153 1819 22
2223 1756 2649 1819 truculentior
2694 1754 2863 1832 visu3
2935 1755 3145 1818 Germ.
3193 1756 3276 1818 31

558 1882 700 1925 visu
749 1877 935 1924 nova.

770 1967 1399 2044 Quintilianus
1448 1969 1508 2043 7,
1555 1968 1613 2044 2,
1664 1969 1769 2042 33,
1819 1974 2161 2048 postquam
2214 1965 2291 2028 de
2327 1964 2726 2043 argumentis
2779 1982 2857 2027 ex
2902 1970 3052 2028 ante
3097 1969 3292 2028 actae
3343 2026 3346 2028 ,
3447 1962 3448 1965 ’

558 2075 730 2139 vitae
794 2073 1162 2152 integritate
1232 2074 1508 2153 sumptis
1575 2074 1896 2149 disseruit,
1965 2072 2212 2135 addidit
2275 2077 2630 2151 praeterea,
2700 2087 2865 2149 quae
2912 2071 3290 2132 accusatori

559 2187 789 2244 contra
834 2180 1005 2242 hanc
1050 2179 1307 2259 patroni
1354 2177 1801 2242 defensionem
1849 2186 2066 2241 essent
2112 2174 2521 2255 proferenda.
2621 2175 3017 2236 »Accusator
3063 2181 3285 2238 autem

559 2286 641 2349 ad
713 2290 1121 2365 praesentem
1185 2285 1653 2363 quaestionem,
1726 2284 1805 2347 de
1875 2301 2001 2363 qua
2070 2281 2210 2344 sola
2279 2279 2589 2343 iudicium
2658 2280 2759 2355 sit,
2839 2279 3274 2356 cognitionem

559 2389 847 2468 alligabit
893 2389 1134 2465 dicens,
1183 2389 1512 2477 neminem
1561 2407 1692 2452 non
1746 2387 2095 2469 aliquando
2144 2387 2436 2466 coepisse
2484 2403 2817 2465 peccare«.
2911 2385 3294 2464 Sequuntur

555 2497 757 2561 verba
804 2497 872 2559 in
917 2494 1096 2557 libris
1144 2495 1419 2573 turpiter
1466 2500 1802 2574 corrupta:
1873 2511 1994 2556 nec
2041 2511 2160 2572 pro
2232 2492 2602 2555 encenia
2649 2489 3018 2553 ducendum
3068 2489 3290 2553 scelus

558 2605 860 2684 primum.
886 2636 973 2646 -—
1000 2600 1362 2664 Gessnerus
1404 2600 1598 2676 igitur
1629 2600 1698 2662 in
1734 2598 2047 2661 librorum
2095 2615 2194 2660 en
2218 2615 2368 2660 cen
2393 2596 2471 2659 ia
2516 2613 2822 2674 graecum
2855 2592 3284 2658 vocabulum:

558 2708 946 2774 encomio
1011 2706 1214 2770 latere
1260 2706 1625 2786 suspicatus
1671 2712 1798 2781 est,
1850 2705 2169 2783 Hauptius
2215 2702 2511 2766 coniecit:
2565 2702 2908 2764 naenia.
2996 2697 3290 2779 Uterque

555 2823 776 2878 tamen
824 2813 1038 2876 minus
1086 2811 1354 2875 feliciter
1398 2830 1535 2874 rem
1586 2812 1861 2889 gessisse
1907 2810 2176 2872 videtur.
2226 2808 2391 2885 Quid
2424 2808 2477 2870 si
2506 2825 2624 2888 pro
2657 2806 2932 2870 lectione
2977 2805 3279 2868 codicum

555 2922 973 2984 restituamus
1022 2920 1374 2996 genuinum
1427 2924 1490 2980 et
1535 2919 1755 2980 tritum
1805 2915 2220 2979 vocabulum:
2291 2913 2849 2978 innocentia!
2923 2908 3064 2987 Quo
3111 2910 3295 2973 facto

557 3032 619 3087 et
693 3024 900 3086 oratio
965 3023 1206 3101 optime
1278 3022 1602 3102 procedet,
1674 3040 1798 3085 nec
1869 3022 2058 3085 lectio
2126 3021 2215 3082 ita
2287 3020 2476 3096 longe
2546 3016 2806 3081 recedet
2872 3034 2911 3078 a
2981 3014 3286 3078 codicum

555 3129 891 3209 scriptura.
954 3164 1041 3172 —-
1109 3127 1200 3191 Cf.
1249 3126 1462 3205 Quint.
1511 3130 1567 3204 7,
1615 3131 1675 3202 4,
1724 3130 1831 3191 18:
1892 3127 1959 3189 in
2004 3144 2132 3205 qua
2179 3124 2339 3207 (scil.
2387 3119 2872 3205 deprecatione)
2922 3120 3279 3201 plurimum

554 3234 773 3297 valent
819 3251 899 3297 ex
943 3234 1085 3313 ipso
1132 3235 1239 3312 qui
1289 3252 1439 3296 reus
1487 3239 1602 3309 est,
1651 3233 1809 3297 tria:
1880 3232 2011 3295 vita
2059 3230 2477 3311 praecedenS,
2524 3230 2577 3292 si
2626 3229 2962 3302 innocenS,
3012 3227 3067 3288 si
3115 3226 3295 3289 bene

556 3340 843 3414 meritus,
913 3340 968 3401 si
1037 3357 1187 3420 spes
1260 3339 1329 3401 in
1399 3339 1685 3402 futurum
1754 3339 2139 3401 innocenter
2204 3337 2434 3398 victuri
2482 3382 2736 3397 .....
2784 3332 3037 3395 Seneca
3083 3348 3289 3409 porro

552 3447 620 3506 in
665 3444 846 3507 libris
910 3444 989 3507 de
1055 3443 1237 3508 clem.
1291 3448 1347 3521 1,
1425 3446 1505 3508 15
1579 3444 1658 3508 de
1729 3442 1973 3508 scelere
2042 3443 2125 3505 ab
2192 3438 2678 3504 adulescentulo
2740 3435 2960 3500 timide
3010 3443 3295 3515 peracto

552 3549 833 3629 loquitur
886 3548 1095 3629 »quod
1165 3550 1530 3628 proximum
1601 3557 1740 3613 erat
1805 3547 1887 3611 ab
1948 3546 2381 3610 innocentia«.
2432 3582 2513 3589 -—
2562 3543 2741 3620 Quae
2788 3540 3087 3621 exempla
3131 3539 3296 3603 ideo

553 3653 787 3729 addidi,
839 3672 966 3733 quo
1012 3655 1163 3717 inde
1211 3654 1294 3717 ad
1363 3655 1810 3717 coniecturam
1881 3652 2268 3716 firmandam
2338 3647 2807 3729 aliquantulum
2850 3643 3123 3708 subsidii
3168 3644 3298 3708 ad—

549 3764 932 3835 strueretur;
982 3766 1271 3823 ceterum
1321 3760 1530 3840 ipsam
1579 3776 1694 3839 per
1738 3776 1809 3822 se
1856 3759 2013 3821 satis
2058 3774 2203 3821 esse
2249 3753 2652 3836 probabilem
2700 3752 2947 3833 opinor.

765 3948 968 4018 Scripsi
1005 3948 1321 4003 Cracoviae.

2278 4019 2646 4081 Gasimirus
2688 4015 3062 4080 Moramski.
