3529 5394
1734 452 1775 512 3

1646 542 1856 550 —-—

383 663 452 740 II,
506 659 650 738 102,
702 660 741 723 2
789 658 1224 724 Censorinum
1286 659 1700 724 demerendis
1743 662 2121 727 hominibus
2169 668 2397 725 natum
2442 660 2812 741 appellavit,
2878 662 3022 737 116,
3071 660 3111 723 2

384 768 655 832 virtutes
732 764 920 830 Cossi
993 764 1294 844 celebrat,
1378 766 1850 832 »adulescentis
1931 769 1998 832 in
2072 767 2365 832 omnium
2434 768 2746 831 virtutum
2817 765 3114 850 exempla

384 874 643 954 geniti«,
705 872 849 949 129,
922 873 954 935 1
1006 871 1405 937 mentionem
1453 871 1605 937 fecit
1652 875 1994 956 Pomponii
2041 873 2253 938 Flacci
2323 874 2497 937 »nati
2543 872 2626 936 ad
2675 873 2899 936 omnia
2945 890 3113 953 quae

384 986 559 1044 recte
607 977 905 1042 facienda
949 984 1159 1041 sunt«.
1251 978 1443 1059 Apud
1505 979 1837 1044 Valerium
1906 980 2262 1045 Maximum
2327 979 2425 1057 VI,
2474 981 2533 1056 9,
2583 978 2623 1041 2
2671 978 2866 1042 simili
2913 976 3110 1042 modo

384 1085 689 1149 laudatur
755 1083 973 1164 Scipio
1041 1083 1410 1162 Africanus,
1483 1104 1715 1168 »quem
1779 1087 1844 1150 di
1912 1086 2311 1151 immortales
2376 1087 2560 1149 nasci
2604 1084 2970 1161 voluerunt,
3043 1090 3115 1148 ut

386 1197 575 1267 esset,
644 1191 712 1253 in
781 1209 910 1272 quo
980 1191 1184 1254 virtus
1255 1209 1324 1255 se
1388 1191 1760 1256 hominibus
1809 1193 2238 1258 ostenderet«.
2311 1192 2562 1256 Seneca
2606 1190 2690 1254 ad
2735 1190 2866 1254 Pol.
2918 1191 3019 1267 14,-
3070 1190 3110 1254 5

387 1296 760 1377 Scipionem
809 1296 1247 1362 Aemilianum
1302 1297 1405 1361 »in
1435 1298 1560 1363 hoc
1593 1305 1852 1362 natum«
1901 1317 2044 1363 esse
2074 1298 2407 1380 praedicat
2443 1315 2563 1361 »ne
2593 1296 2739 1360 urbi
2777 1297 3113 1359 Romanae

388 1409 501 1466 aut
545 1402 783 1484 Scipio,
809 1402 1089 1478 deesset,
1158 1408 1270 1466 aut
1337 1401 1662 1482 Carthago
1709 1411 2145 1485 superesset».
2189 1406 2263 1467 In
2308 1410 2587 1469 tractatu
2632 1422 2791 1468 vero
2836 1402 2921 1466 ad
2966 1401 3113 1467 Hel-

388 1512 562 1574 viam
615 1510 713 1587 10,
777 1513 819 1573 4
882 1508 1209 1589 Caligulae
1278 1511 1561 1590 graviter
1605 1512 2061 1592 perstringitur
2110 1512 2529 1595 perversitaS,
2584 1528 2816 1593 >quem
2861 1508 3116 1572 videtur

390 1633 609 1679 rerum
685 1620 921 1681 natura
993 1616 1292 1695 edidisse,
1370 1625 1441 1682 ut
1510 1619 1901 1697 ostenderet,
1979 1619 2132 1700 quid
2199 1638 2456 1683 summa
2515 1617 2672 1682 vitia
2732 1618 2800 1680 in
2854 1633 3113 1680 summa

390 1722 650 1786 fortuna
697 1731 1021 1803 possent«.
1111 1723 1290 1787 Idem
1338 1725 1621 1807 denique
1667 1726 1923 1800 Seneca
1971 1725 2051 1791 de
2097 1725 2305 1790 benef.
2355 1728 2412 1807 7,
2459 1727 2519 1801 8,
2569 1724 2609 1788 2
2654 1722 2941 1787 laudavit
2989 1720 3111 1785 De-

392 1829 695 1892 metrium
775 1846 1005 1911 »quem
1071 1829 1326 1894 videtur
1393 1849 1612 1895 rerum
1674 1837 1910 1895 natura
1982 1833 2223 1896 nostris
2293 1830 2515 1895 tulisse
2561 1829 2992 1909 temporibUS,
3041 1833 3113 1890 ut

390 1933 761 1999 ostenderet
826 1952 949 1998 nec
994 1934 1173 1998 illum
1220 1955 1260 1999 a
1308 1936 1494 1999 nobis
1541 1938 1894 2019 corrumpi,
1961 1956 2083 2002 nec
2130 1956 2249 2002 nos
2294 1936 2377 2001 ab
2424 1937 2531 2001 illo
2578 1931 2812 2013 corrigi
2860 1951 3111 2015 posse«.

394 2040 699 2104 Extremo
767 2040 912 2105 loco
983 2061 1314 2123 apponam
1382 2044 1584 2107 verba
1649 2062 1729 2109 ex
1758 2078 1768 2085 ·
1799 2043 2380 2109 declamationibus
2427 2041 2781 2107 maioribus
2829 2040 3111 2106 Pseudo-

394 2145 757 2228 quintiliani
832 2146 1188 2228 descripta,
1278 2149 1390 2212 ubi
1466 2148 1660 2230 (Decl.
1740 2150 1850 2228 ΙΙΙ,
1943 2149 2010 2235 3)
2096 2151 2260 2214 haec
2349 2149 2428 2213 de
2495 2148 2704 2212 Mario
2780 2148 3106 2226 leguntur:

396 2251 602 2334 »quod
650 2251 1018 2333 exemplum
1067 2252 1372 2318 divinitus
1419 2254 1609 2318 nobis
1659 2254 1885 2320 datum
1944 2254 2219 2333 videtur,
2288 2255 2439 2336 quid
2485 2255 2554 2318 in
2598 2253 2862 2318 homine
2906 2253 3111 2316 virtus

384 2359 653 2442 possit«.

599 2465 753 2528 Aliis
802 2484 996 2546 porro
1043 2467 1204 2530 locis
1265 2469 1993 2550 comparationes
2054 2469 2136 2532 ad
2173 2469 2308 2532 vim
2354 2467 2823 2533 sententiarum
2866 2483 3109 2544 augen-

384 2570 532 2634 dam
582 2575 880 2634 auctores
926 2580 1329 2653 usurparunt
1375 2591 1617 2654 easque
1664 2576 1753 2638 ita
1791 2573 2255 2651 conformataS,
2304 2579 2374 2639 ut
2405 2573 2722 2639 eiusmodi
2752 2571 3111 2637 locutiones

386 2694 552 2759 quae
633 2684 775 2742 arto
850 2677 1285 2743 similitudinis
1361 2678 1625 2746 vinculo
1703 2699 1994 2746 conexae
2066 2687 2302 2760 essent,
2380 2700 2458 2746 ex
2534 2678 2772 2744 scholis
2850 2676 3110 2742 duxisse

384 2783 701 2863 originem
747 2789 921 2847 recte
966 2784 1284 2864 suspicari
1328 2786 1558 2867 possis.
1649 2785 1934 2851 Velleius
1981 2785 2312 2851 Marianae
2360 2785 2853 2868 proscriptionis
2900 2787 3110 2850 saevi-

381 2889 539 2953 tiam
615 2889 716 2952 his
782 2889 1002 2953 verbis
1071 2891 1321 2954 notavit
1387 2892 1456 2969 II,
1529 2891 1632 2969 22,
1687 2895 1750 2956 1:
1799 2892 1972 2956 Nihil
2022 2892 2132 2956 illa
2177 2892 2452 2957 victoria
2499 2891 2725 2956 fuisset
2769 2891 3112 2970 crudeliUS,

384 2995 508 3058 nisi
574 3013 727 3059 mox
774 2992 1040 3059 Sullana
1087 3002 1259 3060 esset
1306 3002 1545 3061 secuta.
1640 2996 1937 3062 Valerius
2002 2996 2323 3062 Maximus
2385 2997 2464 3062 de
2528 2996 2741 3061 Deciis
2788 2997 3115 3062 disserens

380 3099 456 3178 V,
508 3103 568 3180 6,
618 3101 659 3164 ὃ
723 3101 877 3164 talia
940 3101 1208 3166 addidit:
1281 3103 1552 3166 unicum
1619 3102 1767 3167 talis
1838 3104 2251 3184 imperatoris
2323 3104 2658 3185 specimen
2730 3110 2919 3181 esset,
2990 3103 3114 3166 nisi

382 3206 603 3270 animo
646 3225 766 3271 suo
827 3207 1331 3289 respondentem
1400 3209 1604 3273 filium
1677 3211 2024 3288 genuisset.
2115 3209 2342 3273 Florus
2388 3209 2452 3289 Il,
2506 3208 2604 3286 12,
2655 3212 2715 3285 4,
2767 3215 3113 3291 postquam

382 3311 694 3377 Catilinae
741 3313 1024 3377 asseclas
1085 3314 1466 3393 sanguinem
1516 3316 1876 3378 humanum
1924 3334 2004 3379 ex
2051 3315 2294 3396 pateris
2341 3313 2584 3379 bibisse
2634 3315 2939 3392 narravit,
2988 3315 3113 3378 hac

382 3418 851 3484 exclamatione
882 3420 1221 3484 horrorem
1254 3423 1592 3502 expressit:
1641 3440 1971 3485 summum
2007 3420 2190 3485 nefas
2225 3420 2290 3483 ni
2322 3419 2605 3501 amplius
2637 3427 2809 3484 esset
2850 3427 3114 3501 propter

386 3525 560 3606 quod
605 3524 924 3589 biberunt.
2521 3586 2526 3591 .

591 3631 685 3694 Ita
752 3632 1010 3712 quidem
1077 3630 1166 3694 illi
1203 3632 1571 3713 scriptoreS,
1650 3651 1813 3714 quos
1861 3633 2030 3698 inter
2091 3632 2438 3697 historicos
2509 3631 2883 3696 triumviros
2924 3632 3111 3695 scho-

382 3735 645 3799 lasticos
719 3743 896 3801 recte
964 3738 1464 3820 nuncupaveriS,
1547 3739 1807 3820 saepius
1884 3739 2195 3803 affinitate
2248 3737 2531 3820 quadam
2578 3737 2902 3802 scribendi
2945 3737 3114 3801 inter

380 3860 448 3906 se
509 3842 926 3907 consentiunt
1006 3851 1070 3908 et
1152 3844 1485 3907 communi
1555 3844 1839 3925 quadam
1921 3851 2077 3909 nota
2147 3843 2434 3923 insigniti
2495 3849 2835 3926 apparent,
2913 3860 3110 3923 quam

382 3948 460 4011 iis
529 3948 753 4012 schola
818 3949 1227 4028 impressisse
1290 3950 1563 4014 videtur.
1657 3951 2000 4015 Rationem
2047 3956 2301 4028 tamen,
2364 3968 2530 4031 quae
2577 3950 2747 4013 inter
2793 3948 3110 4013 Velleium

384 4057 446 4119 et
492 4052 823 4119 Valerium
868 4053 1221 4119 Maximum
1268 4055 1696 4120 intercederet
1739 4055 1938 4121 fuisse
1984 4057 2293 4121 artiorem
2332 4055 2455 4137 ipsi
2499 4056 2630 4119 iam
2663 4054 3111 4120 demonstrare

384 4162 599 4224 conati
644 4179 871 4224 sumus
908 4161 974 4224 in
1008 4160 1481 4239 dissertatione,
1520 4162 1847 4226 Analectis
1880 4162 2427 4239 Graeco-LatiniS,
2470 4160 2825 4226 Cracoviae
2857 4179 2913 4224 a.
2941 4162 3111 4226 1893

383 4265 589 4343 editis,
662 4266 907 4330 inserta
973 4266 1551 4348 similitudinesque
1622 4267 1868 4350 aliquot
1933 4268 2108 4350 apud
2178 4274 2523 4348 utrumque
2589 4273 2925 4331 auctorem
3004 4266 3112 4331 de-

384 4373 743 4454 prehensas
791 4372 942 4437 inde
988 4391 1292 4436 manasse
1324 4373 1745 4451 coniecimUS,
1797 4373 1970 4453 quod
2000 4373 2299 4438 Valerius
2336 4391 2809 4455 nonnunquam
2844 4372 3110 4436 maioris

384 4486 540 4543 natu
586 4481 872 4543 auctoris
918 4479 1190 4558 vestigia
1236 4479 1594 4560 pressisset.
1686 4478 2123 4559 ArgumentiS,
2189 4497 2354 4560 quae
2402 4479 2492 4544 ibi
2538 4478 2623 4542 ad
2669 4478 3108 4559 suspicionem

385 4592 679 4650 nostram
750 4584 1141 4649 firmandam
1189 4582 1596 4665 protulimus,
1676 4583 1864 4647 liceat
1928 4603 2101 4647 nunc
2162 4583 2400 4648 addere
2448 4584 2765 4666 quasdam
2802 4583 3109 4647 observa-

384 4692 614 4767 tioneS,
686 4709 851 4770 quae
916 4689 1350 4770 supplementi
1406 4688 1547 4752 vice
1596 4688 1963 4768 fungantur.
2053 4688 2336 4754 Velleius
2404 4689 2472 4767 ΙΙ,
2539 4690 2643 4766 99,
2696 4692 2728 4754 1
2779 4688 3108 4753 Tiberium

383 4796 773 4876 tribuniciae
820 4797 1156 4887 potestatis
1206 4813 1301 4859 co
1325 4794 1612 4862 nsorti
1640 4812 1802 4859 one
1847 4801 2198 4876 aequatum
2244 4813 2388 4860 esse
2435 4796 2728 4876 Augusto
2775 4802 3002 4860 narrat
3046 4802 3110 4859 et

2904 4918 2968 4968 1*
