3529 5394
1650 398 1688 475 7

300 618 661 709 principem
745 628 812 689 et
874 616 1129 705 generis
1187 622 1459 715 humani
1518 621 1736 706 paullo
1805 626 1954 687 ante
1999 605 2367 686 ‘dominum
2430 610 2654 686 relicta
2717 617 3028 687 fortunae

298 751 455 798 suae
501 732 655 797 sede
702 750 818 813 per
863 729 1198 813 populum,
1247 749 1363 812 per
1410 730 1642 795 urbem
1687 729 1865 795 exire
1903 729 1984 793 de
2015 727 2349 810 imperio«.
2399 728 2606 793 Locus
2654 730 3023 794 communis

299 840 378 904 de
424 839 684 903 fortuna
728 856 807 902 ex
853 838 978 901 hoc
1025 855 1260 915 genere
1307 843 1467 915 erat,
1510 836 1685 917 quod
1729 835 1953 899 rhetor
1998 834 2266 899 Porcius
2313 834 2506 898 Latro
2553 834 3026 899 sententiarum

298 945 758 1026 supellectilem
805 944 1099 1029 vocabat.
1170 940 1263 1006 Cf.
1311 943 1458 1007 Sen.
1509 939 1817 1006 Controv.
1865 942 1889 1004 I
1935 939 2135 1023 praef.
2184 941 2283 1005 23.
2346 940 2682 1022 Lususque
2728 947 2792 1006 et
2837 959 3027 1005 casus

300 1053 599 1116 fortunae
679 1049 1140 1114 fertilissimam
1213 1048 1297 1112 ad
1361 1049 1624 1130 ingenia
1686 1048 2107 1113 exercitanda
2170 1047 2605 1127 suggerebant
2661 1047 3024 1111 materiam.

298 1156 601 1222 Notanda
646 1162 863 1221 autem
908 1162 1005 1220 est
1050 1155 1402 1219 similitudo
1450 1155 1516 1219 in
1565 1155 1660 1232 iis,
1705 1172 1875 1236 quae
1908 1154 2077 1235 apud
2112 1153 2424 1217 Iustinum
2474 1152 2541 1230 lI,
2587 1154 2667 1218 13
2708 1152 2786 1217 de
2815 1153 3028 1217 Xerxe

299 1269 679 1329 narrantur:
739 1262 893 1325 Erat
960 1279 1065 1325 res
1125 1261 1495 1341 spectaculo
1564 1261 1762 1340 digna
1820 1266 1884 1324 et
1941 1260 2393 1323 aestimatione
2437 1259 2632 1323 sortis
2679 1259 3024 1335 humanae,

298 1387 517 1432 rerum
582 1369 893 1432 varietate
964 1367 1351 1453 mirandae„
1391 1367 1460 1430 in
1525 1366 1759 1445 exiguo
1826 1365 2134 1431 latentem
2198 1365 2418 1431 videre
2478 1364 2758 1444 navigio,
2832 1383 3025 1446 quem

297 1481 448 1539 ante
493 1474 602 1537 vix
646 1492 893 1555 aequor
939 1492 1134 1538 omne
1181 1474 1479 1555 capiebat
1526 1523 1538 1536 .
1590 1524 1603 1537 .
1654 1523 1666 1536 .
1714 1522 1730 1549 ,
1803 1488 2011 1553 neque
2061 1470 2274 1534 minus
2320 1471 2447 1534 alio
2493 1471 2637 1534 loco
2706 1469 2869 1555 (XX,
2936 1470 3024 1551 5),

297 1579 406 1643 ubi
473 1579 645 1644 idem
692 1587 918 1643 auctor
985 1579 1065 1642 de
1135 1578 1425 1659 Dionysii
1490 1577 1844 1642 Siciliensis
1916 1576 2105 1641 ruina
2150 1577 2383 1640 eodem
2433 1575 2565 1640 fere
2612 1577 2868 1641 locutus
2913 1584 3013 1642 est

299 1684 512 1749 modo.
603 1683 994 1749 Subicienda
1066 1690 1164 1749 est
1238 1683 1515 1765 denique
1582 1683 1751 1748 Flori
1834 1683 2159 1761 narratio,
2270 1682 2487 1761 fugam
2569 1682 3026 1769 Brundisinam

300 1791 591 1872 Pompeii
651 1789 1075 1854 describentis
1146 1791 1213 1868 II,
1271 1792 1369 1867 13,
1418 1791 1534 1855 20:
1604 1789 1720 1854 sed
1766 1772 1895 1853 ‘ille
1965 1808 2083 1869 per
2151 1789 2402 1853 obsessi
2476 1787 2757 1852 claustra
2803 1795 3029 1870 portus

300 1903 622 1961 nocturna
668 1895 818 1976 fuga
863 1896 1084 1961 evasit.
1130 1897 1346 1977 Turpe
1388 1895 1593 1960 dictu!
1641 1894 1838 1959 modo
1871 1895 2177 1976 princeps
2211 1900 2492 1975 patrum,
2543 1895 2722 1976 pacis
2752 1894 3029 1977 bellique

301 2001 676 2065 moderator
744 2020 859 2083 per
925 2002 1397 2084 triumphatum
1465 2021 1506 2066 a
1574 2019 1645 2066 se
1709 2019 1891 2064 mare
1952 2001 2168 2064 lacera
2213 2006 2277 2064 et
2322 2019 2535 2082 paene
2581 2001 2815 2066 inermi
2861 2019 3030 2065 nave

303 2107 611 2188 fugiebat.

510 2212 841 2277 Eiusmodi
907 2230 1219 2277 excursus
1297 2214 1484 2297 quasi
1545 2212 1834 2278 ocliferia
1902 2214 2225 2294 quaedam
2308 2211 2686 2278 inserebant
2751 2212 3029 2278 libenter

303 2339 524 2385 rerum
595 2326 925 2399 gestarum
993 2320 1344 2401 scriptores
1418 2320 1553 2384 suis
1622 2319 2127 2397 narrationibUS,
2193 2338 2517 2384 memores
2564 2321 3026 2398 suasoriarum,

305 2444 466 2508 quas
531 2425 598 2487 in
666 2425 903 2489 scholis
974 2425 1128 2490 olim
1199 2425 1799 2502 declamitaverant,
1873 2444 2070 2489 sensu
2140 2425 2358 2503 exileS,
2426 2424 2643 2489 verbis
2712 2426 3027 2505 gravidas,

304 2530 400 2595 Ne
446 2549 487 2594 a
532 2530 736 2594 Taciti
783 2531 1041 2611 quidem
1086 2531 1256 2595 virili
1304 2550 1604 2596 sermone
1652 2531 1770 2594 hos
1824 2530 2120 2595 iuvenilis
2157 2531 2597 2595 abundantiae
2629 2529 3027 2596 luxuriantes

307 2635 557 2702 colores
606 2633 803 2699 fuisse
849 2636 1119 2716 alienOS,
1168 2656 1247 2703 ex
1295 2638 1419 2703 hoc
1466 2644 1528 2702 et
1571 2637 1712 2702 aliis
1759 2635 1919 2702 locis
1967 2639 2273 2719 cognosci
2318 2644 2547 2720 potest.

1614 2973 1703 3035 .11.

513 3091 606 3155 Ita
651 3092 910 3173 quidem
957 3094 1129 3175 apud
1177 3093 1520 3175 plerosque
1575 3103 1876 3161 auctores
1920 3096 2173 3177 latinoS,
2220 3099 2329 3178 qui
2373 3104 2685 3178 argentea
2730 3099 3032 3163 vixerunt

307 3202 516 3261 aetate
562 3203 627 3261 et
667 3199 848 3263 color
893 3200 1154 3280 quidam
1201 3202 1520 3265 sermonis
1568 3202 2074 3284 deprehenditur
2118 3203 2344 3268 similis
2404 3213 2468 3269 et
2509 3206 2695 3269 stilus
2741 3204 3023 3271 adfecta-

307 3308 411 3366 tus
474 3302 543 3365 in
617 3323 746 3385 quo
815 3324 962 3369 cum
1030 3308 1230 3370 verba
1291 3307 1546 3387 singula
1615 3314 1755 3371 tum
1802 3307 2154 3372 verborum
2200 3310 2692 3375 coniunctiones
2735 3316 2799 3375 et
2844 3316 3017 3375 totae

306 3409 663 3473 sententiae
725 3411 1054 3475 affinitatis
1117 3412 1498 3477 manifestas
1563 3419 1752 3477 notas
1802 3432 1958 3494 prae
2005 3433 2074 3479 se
2121 3413 2356 3479 ferunt.
2452 3415 2789 3481 Materiam
2838 3416 3028 3497 hanc,

307 3510 391 3575 ab
437 3514 578 3577 aliis
642 3514 987 3580 delibatam
1048 3519 1490 3599 compluribus
1553 3519 1686 3584 iam
1750 3519 2331 3584 dissertatiunculis
2396 3520 2714 3585 illustrare
2760 3528 3032 3586 conatus

307 3637 452 3682 sum
496 3625 688 3701 atque
746 3621 1021 3685 officinis
1083 3623 1409 3688 litterariis
1453 3621 1671 3689 lucem
1718 3625 2067 3690 immittere
2117 3645 2245 3706 quo
2292 3627 2553 3706 ingenia
2598 3635 2662 3692 et
2706 3627 3033 3692 scribendi

304 3726 469 3789 ratio
537 3726 938 3804 singulorum
1007 3736 1350 3794 auctorum
1421 3731 1627 3809 magis
1674 3737 2101 3795 notescerent.
2183 3731 2409 3815 Neque
2457 3732 2699 3815 dubito,
2748 3734 2906 3815 quin
2951 3752 3030 3798 ex

304 3831 621 3895 eiusmodi
667 3833 1053 3911 migratione
1100 3836 1449 3900 verborum
1511 3843 1576 3900 et
1636 3837 2108 3901 sententiarum
2154 3838 2522 3902 accuratius
2568 3844 2924 3922 perspecta·
2967 3846 3030 3904 et

305 3955 625 4017 perpensa
704 3938 788 4002 ad
855 3939 1192 4004 historiam
1273 3941 1636 4005 litterarum
1704 3944 2149 4006 Romanarum
2213 3944 2444 4007 melius
2511 3944 3030 4026 pernoscendam

301 4041 594 4108 sincerae
640 4044 933 4109 utilitatis
1005 4047 1299 4111 nonnihil
1347 4048 1657 4128 capiatur.
1703 4049 1798 4112 Ita
1845 4048 2129 4132 quidem,
2193 4055 2263 4113 ut
2332 4049 2494 4114 alios
2557 4057 2857 4116 auctores
2904 4052 3029 4115 hoc

302 4148 445 4212 loco
485 4150 1094 4230 praetermittamUS,
1164 4150 1458 4217 Curtium
1505 4154 1853 4219 rhetoricis
1900 4154 2130 4219 studiis
2163 4161 2241 4219 2et
2289 4154 2834 4221 declamationum
2885 4156 3024 4222 feti-

304 4252 424 4315 bus
490 4255 746 4335 penitus
808 4256 1004 4322 fuisse
1058 4258 1379 4323 imbutum
1445 4279 1524 4325 ex
1594 4259 2034 4341 descriptione
2104 4260 2366 4341 Oceani,
2444 4280 2610 4344 quae
2655 4263 2831 4343 apud
2878 4281 3028 4326 eum

305 4356 629 4423 invenitur
694 4361 794 4440 IX,
844 4366 900 4439 4,
972 4366 1051 4428 18
1098 4383 1246 4429 cum
1295 4366 1581 4430 Senecae
1628 4367 1938 4432 Suasoria
1983 4367 2023 4447 I,
2072 4368 2124 4448 ἓ.
2180 4366 2348 4430 1-—2
2397 4375 2777 4449 comparata
2823 4368 3029 4431 mani-

307 4461 471 4525 festo
519 4468 831 4546 apparuit.
895 4469 1062 4534 Nam
1124 4478 1189 4536 et
1247 4471 1477 4535 iisdem
1542 4471 1676 4537 fere
1722 4471 1942 4536 verbis
1990 4480 2054 4537 et
2099 4472 2416 4537 similibus
2462 4474 2683 4554 figuris
2731 4474 3031 4539 terribilis

307 4567 550 4634 Oceani
595 4577 831 4637 natura
876 4580 1151 4657 utroque
1197 4577 1341 4641 loco
1390 4577 1759 4659 depingitur
1795 4576 1841 4662 ¹)

517 4763 561 4832 ¹)
595 4760 908 4818 Zeitschrift
942 4764 1030 4820 fiir
1064 4771 1200 4821 oest.
1239 4766 1578 4838 Gymnasien
1617 4768 1754 4823 1893
1795 4768 1851 4825 S.
1890 4768 1975 4826 99.
