3529 5394
2208 598 2255 661 <s
2275 602 2310 652 -l
2335 604 2356 633 ⁴⁴
2385 590 2459 679 M

650 1616 823 1709 ,De
904 1647 1377 1702 sermone
1455 1625 2049 1721 scriptorum
2120 1625 2664 1700 latinorum

871 1789 1218 1864 aetatis
1281 1807 1538 1883 quae
1599 1787 1951 1862 dicitur
2006 1790 2480 1881 argentea

1283 1945 2068 2022 observationes

1565 2105 1776 2117 *—

1659 2230 1700 2292 Ι.

235 2435 239 2441 .
521 2352 699 2431 Quae
746 2352 1105 2434 Sallustius
1171 2352 1325 2416 dum
1374 2353 1442 2416 in
1488 2352 1776 2416 historiis
1824 2350 2271 2416 crudelitatem
2321 2349 2537 2414 Sullae
2584 2349 2886 2432 depingit,
2954 2348 3034 2413 de

286 2446 515 2522 'Marii'
563 2458 921 2523 Gratidiani
992 2466 1291 2543 cruenta,
1335 2458 1535 2535 caede
1604 2464 1667 2523 et
1733 2456 2074 2522 tormentis
2144 2455 2442 2537 tradidit,
2512 2474 2592 2520 ea
2652 2455 2891 2518 mirum
2965 2456 3033 2518 in

310 2564 578 2628 modum
644 2565 1021 2645 posterioris
1090 2565 1231 2629 aevi
1302 2563 1729 2646 scriptoribus
1806 2563 2145 2644 placuisse,
2214 2580 2294 2626 ex
2362 2580 2439 2627 eo
2487 2562 2791 2644 coniciaS,
2860 2561 3034 2643 quod

310 2670 548 2734 locutio
603 2689 643 2733 a
689 2671 992 2735 Sallustio
1039 2671 1123 2735 ad
1185 2671 1280 2737 rei
1327 2671 1667 2737 saevitiam
1714 2667 2338 2751 repraesentandam
2387 2669 2750 2749 excogitata
2797 2669 3031 2733 iterum

310 2775 674 2857 iterumque
721 2777 1050 2857 repetitur,
1098 2784 1433 2860 tamquam
1481 2778 1536 2842 si
1582 2777 1784 2842 semel
1832 2776 2072 2841 emissa
2119 2775 2358 2857 publici
2405 2776 2574 2840 iuris
2618 2775 2792 2840 facta
2843 2782 3031 2840 esset.

309 2882 551 2945 Eorum
600 2882 793 2963 enim,
843 2901 1009 2964 quae
1055 2883 1230 2964 apud
1279 2883 1656 2947 Sallustium
1705 2882 1889 2962 frgm.
1923 2884 2023 2946 44
2053 2880 2354 2959 legimus:
2389 2879 2598 2944 fracta
2629 2881 2808 2962 prius
2844 2899 3037 2943 crura

308 2973 744 3070 bracchiaque
816 2996 879 3054 et
925 2989 1116 3079 oculiv
1162 2991 1394 3071 effossi,
1463 2989 1714 3060 scilicet,
1775 2995 1858 3053 ut
1926 3006 2073 3069 per
2140 2987 2543 3067 singulos
2613 2994 2859 3051 artus
2905 3005 3031 3051 ex-

310 3094 693 3174 spiraret
738 3147 750 3160 .
801 3146 813 3160 .
860 3149 872 3162 .
922 3147 937 3174 ,
986 3114 1255 3177 prorsus
1302 3097 1538 3161 similia
1584 3096 1878 3161 invenies
1919 3094 2098 3183 'apud
2148 3096 2465 3158 Senecam
2514 3094 2593 3158 de
2641 3096 2736 3157 ira
2780 3093 2871 3175 III,
2923 3095 3030 3158 18:

178 3188 190 3201 ’
310 3218 426 3280 per
470 3201 757 3280 singulos
820 3210 1001 3266 artus
1060 3203 1388 3285 laceravit,
1453 3202 1787 3267 Valerium
1849 3201 2203 3266 Maximum
2266 3201 2366 3282 IX,
2414 3201 2473 3281 2,
2523 3204 2583 3264 1:
2651 3218 2842 3282 quam
2894 3249 2907 3264 .
2957 3249 2969 3263 .
3020 3249 3032 3263 .

309 3304 596 3385 singulas
643 3309 934 3387 corporis
980 3317 1197 3389 partes
1243 3308 1698 3388 confringeret,
1743 3306 1920 3388 apud
1966 3306 2246 3386 Florum,
2295 3307 2403 3386 qui
2455 3304 2714 3386 quidem
2763 3304 3030 3384 diligen-

308 3412 553 3476 tissime
622 3413 907 3477 Sallustii
951 3415 1225 3493 vestigia
1271 3415 1507 3496 pressit
1552 3414 1622 3491 II,
1675 3417 1736 3491 9,
1789 3414 1900 3478 26:
1974 3420 2045 3477 ut
2092 3430 2207 3493 per
2253 3411 2506 3490 singula
2551 3412 2850 3475 membra
2895 3428 3033 3474 mo-

236 3589 241 3593 ·
308 3523 574 3582 reretur.
618 3517 837 3582 Verba
883 3519 1075 3599 igitur
1120 3519 1423 3599 Sallustii,
1471 3519 1656 3583 cuius
1705 3519 1981 3583 imitatio
2027 3519 2094 3582 in
2139 3519 2367 3582 litteris
2393 3518 2707 3581 Romanis
2738 3524 2873 3581 tam
2904 3516 3033 3581 late

307 3624 532 3705 patuit,
598 3624 688 3687 ita
733 3642 875 3689 sese
921 3624 1414 3689 inculcaverant
1460 3624 1746 3707 auribUS,
1815 3626 1904 3689 ita
1950 3626 2301 3689 haeserunt
2346 3626 2412 3686 in
2459 3623 2713 3705 animis,
2759 3628 2830 3686 ut
2874 3622 3033 3686 scri-

306 3735 528 3810 ptores
601 3730 709 3811 qui
773 3737 1002 3811 postea
1067 3730 1383 3809 vixerunt,
1453 3750 1865 3812 nequaquam
1931 3731 2224 3809 religioni
2286 3730 2598 3817 duxerint>
2648 3728 3031 3793 insolentius

308 3852 348 3897 a
394 3834 698 3898 Sallustio
742 3835 1007 3900 inventa
1052 3854 1396 3917 occupare.
1481 3836 1850 3901 Excusabat
1894 3855 2007 3901 eos
2054 3837 2359 3899 nimirum
2407 3854 2550 3899 mos
2599 3835 2682 3898 ab
2729 3836 3032 3899 omnibus

309 3941 788 4022 comprobatuS,
864 3926 1054 4022 quem
1132 3948 1203 4005 ut
1271 3942 1339 4004 in
1407 3943 1621 4024 poesi,
1688 3943 1779 4007 ita
1837 3943 2006 4007 inter
2068 3942 2316 4006 solutae
2388 3942 2699 4005 orationis
2748 3941 3027 4004 cultores

309 4047 555 4110 Romae
629 4046 910 4127 viguisse
984 4049 1327 4112 innumera
1401 4048 1699 4130 exempla
1770 4056 1921 4114 sunt
1997 4055 2396 4126 argumento.
2487 4047 3029 4129 Unumquemque

308 4152 480 4216 enim
526 4153 907 4234 scriptorem
957 4154 1172 4234 paullo
1220 4154 1619 4219 audentioris
1690 4155 1818 4218 stili
1883 4154 2244 4236 excipiebat
2288 4172 2442 4244 grex
2486 4153 3030 4234 heredipetarum,

308 4257 415 4337 qui
446 4257 771 4339 expilabat
800 4261 939 4323 eius
976 4260 1334 4338 thesaurOS,
1381 4260 1691 4343 omnique
1737 4261 2054 4341 scrupulo
2092 4265 2408 4342 exempto,
2455 4260 2511 4323 si
2558 4258 2711 4340 quid
2759 4257 3030 4323 feliciter

308 4360 396 4424 illi
441 4372 742 4445 cesserat,
816 4366 884 4429 in
929 4360 1121 4429 suum
1168 4368 1592 4431 convertebat
1636 4386 1847 4431 usum.
1894 4366 1975 4431 Ut
2021 4366 2218 4431 Croto
2264 4365 2373 4429 illa
2412 4366 2822 4445 Petroniana,
2894 4382 3028 4427 res-

307 4469 567 4548 publica
633 4490 888 4553 quoque
952 4471 1311 4536 litterarum
1372 4472 1439 4535 in
1504 4472 1664 4537 duas
1730 4473 2071 4538 hominum
2137 4472 2377 4536 classes
2441 4478 2580 4537 erat
2643 4469 2867 4549 divisa,
2916 4487 3027 4533 eos

307 4574 416 4654 qui
462 4579 891 4655 captabantur
935 4585 999 4643 et
1043 4577 1279 4642 alteros
1327 4579 1430 4660 qui
1465 4581 1833 4660 captabant.
1900 4578 2099 4643 Cuius
2131 4577 2329 4641 moris
2372 4585 2443 4642 ut
2487 4596 2689 4640 unum
2738 4582 2803 4639 et
2846 4574 3031 4638 lucu-

301 4677 551 4742 lentum
597 4684 863 4746 afferam
912 4682 1298 4764 exemplum,
1345 4686 1502 4747 satis
1549 4684 1670 4748 erit
1702 4685 2034 4749 monuisse
2081 4684 2145 4747 id
2175 4684 2347 4766 quod
2378 4683 2674 4749 Valerius
2707 4668 3027 4746 Maximus

303 4784 383 4848 de
427 4784 629 4850 Fabio
675 4786 1067 4855 Cunctatore
1112 4789 1328 4870 paullo
1375 4790 1664 4870 argutius
1732 4790 2210 4871 excogitaverit,
2287 4807 2682 4870 magnopere
2730 4787 3027 4853 arrisisse

1636 4960 1757 5050 „q
2824 4911 2851 4968 1
