3529 5394
1788 422 1829 488 8

654 624 1051 698 Valerius
1119 623 1533 699 Maximus
1603 651 1685 700 ex
1754 653 1983 701 eorum
2028 637 2372 701 auctorum
2417 640 2557 698 erat
2602 645 2875 697 numero
2927 625 3160 714 quibus

444 741 658 806 dulcia
719 760 877 805 suae
937 740 1166 805 aetatis
1226 741 1382 804 vitia
1445 741 1796 823 praecipue
1860 742 2239 807 arriserunt.
2324 742 2394 805 In
2455 742 2789 806 rhetorum
2856 739 3160 803 nimirum

446 849 735 913 hortulos
780 847 1211 928 flosculosque
1262 846 1524 911 deduxit
1569 865 1717 911 eum
1767 848 1909 930 ipsa
1955 848 2226 913 materia
2272 867 2439 930 quae
2484 848 2751 912 laudum
2799 852 2862 910 et
2908 846 3164 926 vitupe-

443 954 767 1018 rationum
815 948 1367 1032 frequentissimas
1431 954 1810 1016 occasiones
1875 952 2230 1034 praebebat
2274 960 2468 1033 atque
2515 952 2598 1016 ad
2644 950 2824 1016 locos
2872 969 3163 1015 commu·

445 1079 561 1126 nes
605 1058 1005 1124 exhibendos
1047 1060 1190 1139 ipsa
1238 1076 1350 1138 per
1395 1076 1465 1122 se
1511 1059 1785 1123 invitare
1831 1059 2184 1123 videbatur.
2248 1059 2500 1122 Nimius
2547 1064 2645 1122 est
2689 1058 2884 1136 igitur
2929 1063 3161 1122 auctor

449 1167 516 1229 in
577 1164 911 1229 rhetorum
981 1161 1318 1227 lenociniis
1391 1182 1593 1245 usque
1664 1183 1921 1246 quaque
1992 1165 2422 1244 infulciendiS,
2475 1164 2729 1228 lascivit
2774 1164 2842 1227 in
2889 1164 3163 1228 antithe-

452 1281 667 1337 torum
711 1289 854 1350 usU,
899 1269 1236 1334 sententiis
1281 1269 1595 1349 abutitur3
1641 1271 1944 1352 quodque
1981 1276 2281 1335 cantores
2328 1270 2665 1335 deterioris
2713 1277 2906 1334 notae
2955 1269 3168 1333 facere

448 1377 674 1459 solent,
721 1375 898 1440 nullo
947 1375 1080 1441 fere
1124 1373 1268 1440 loco
1317 1376 1595 1457 respirat
1639 1396 1849 1458 neque
1880 1378 2189 1444 lectorem
2220 1378 2544 1459 respirare
2591 1376 2924 1456 sinit,1nisi
2971 1374 3162 1438 simul

451 1481 985 1548 acclamationem
1057 1482 1326 1563 petierit.
1376 1481 1471 1548 Ne
1520 1483 1776 1547 mireris
1823 1483 2035 1562 igitur,
2098 1482 2271 1566 quod
2317 1483 2384 1546 in
2429 1483 2649 1567 ampla
2694 1481 3168 1547 sensiculorum

453 1589 753 1668 congerie
816 1588 999 1653 multi
1057 1587 1470 1668 reperiuntur
1530 1588 1735 1669 inepti
1800 1596 1864 1653 et
1927 1588 2153 1668 frigidi,
2201 1588 2373 1669 quod
2423 1588 2741 1652 subtilitas
2788 1587 3174 1651 scholastica

454 1695 774 1779 quaedam
839 1700 1207 1758 commenta
1284 1701 1381 1759 est
1441 1694 1656 1757 minus
1729 1693 2094 1773 plausibilia
2153 1713 2272 1758 nec
2337 1712 2575 1773 magno
2637 1695 2913 1758 rhetoris
2980 1692 3173 1772 digna

454 1803 648 1866 hiatu,
740 1800 830 1864 Ex
893 1800 1119 1880 grandi
1183 1818 1410 1864 eorum
1461 1818 1734 1864 numero
1783 1819 1861 1865 ea
1906 1802 2136 1865 saltem
2184 1802 2530 1865 afferemus
2578 1801 2889 1881 exempla,
2938 1797 3170 1880 quibus

454 1909 730 1990 scriptor
773 1905 1143 1971 scholarum
1197 1905 1607 1988 disciplinam
1672 1915 1933 1971 secutus
1979 1926 2096 1988 per
2141 1907 2452 1971 tetracola
2497 1926 2728 1971 sensus
2776 1926 2927 1971 suos
2975 1903 3173 1984 expli·

454 2015 640 2079 cavit.
731 2014 1096 2078 Sententias
1159 2013 1332 2076 enim
1403 2013 1529 2077 hoc
1591 2013 1787 2077 modo
1843 2013 2284 2078 conformatas
2330 2019 2467 2077 tum
2515 2013 2825 2095 temporis
2873 2010 3172 2075 basilicas

455 2119 799 2186 infectasse
844 2125 1036 2200 atque
1082 2119 1149 2181 in
1198 2117 1440 2182 deliciis
1488 2117 1686 2183 fuisse
1732 2124 1797 2183 et
1843 2119 2091 2183 Seneca
2128 2138 2246 2183 nos
2279 2120 2467 2184 docet
2511 2118 2815 2183 ContrOV.
2848 2118 2913 2197 II,
2958 2121 3017 2199 4,
3067 2114 3177 2193 12;

457 2226 559 2301 ΙΧ,
609 2225 667 2304 2,
714 2224 796 2288 27
845 2230 907 2287 et
952 2222 1188 2287 diserte
1232 2230 1504 2287 testatur
1536 2224 1968 2302 Quintilianus
2015 2225 2114 2304 IX,
2162 2226 2219 2305 3,
2266 2226 2366 2289 77.
2413 2224 2713 2304 Legimus
2757 2224 2952 2301 igitur
3000 2219 3173 2302 apud

458 2329 786 2395 Valerium
853 2328 946 2408 III,
1010 2332 1068 2409 4,
1134 2328 1196 2392 2:
1264 2329 1685 2410 Tarquinium
1736 2382 1748 2395 .
1797 2382 1809 2394 .
1860 2382 1871 2394 .
1920 2382 1931 2394 .
1981 2331 2240 2395 fortuna
2301 2332 2368 2394 in
2424 2331 2657 2419 urbem
2726 2336 3017 2393 nostram
3066 2326 3178 2390 ad-

462 2436 649 2514 vexit,
695 2434 996 2516 alienum,
1064 2435 1237 2516 quod
1301 2442 1620 2516 exactum,
1687 2436 2086 2517 alieniorem,
2150 2436 2322 2519 quod
2363 2444 2576 2500 ortum
2624 2435 2954 2516 CorinthO,
3002 2433 3183 2497 fasti-

461 2541 790 2621 diendum,
861 2541 1032 2621 quod
1084 2548 1447 2606 mercatore
1519 2543 1825 2621 genitum,
1896 2542 2430 2624 erubescendum,
2500 2542 2674 2624 quod
2723 2543 2915 2605 etiam
2965 2538 3182 2603 exsule

462 2655 688 2713 natum
731 2653 937 2729 patre3
1003 2647 1096 2727 ΙΙΙ,
1157 2648 1216 2729 7,
1282 2650 1337 2713 1:
1405 2647 1561 2712 nihil
1624 2649 1747 2713 hac
1795 2649 2031 2714 fiducia
2077 2650 2482 2731 generosiuS,
2531 2648 2689 2712 nihil
2736 2645 3181 2729 praedictione

386 2799 393 2806 ,
464 2754 699 2835 veriuS,
758 2752 917 2817 nihil
979 2753 1307 2818 celeritate
1372 2754 1718 2831 efficaciuS,
1784 2756 1941 2819 nihil
2005 2756 2197 2819 etiam
2265 2756 2573 2834 dignitate
2637 2754 2917 2834 dignius3
2983 2753 3057 2831 V,
3123 2756 3186 2835 4,

466 2866 590 2924 ext.
636 2860 700 2922 3:
748 2859 954 2924 isdem
1002 2862 1177 2924 enirn
1223 2863 1526 2925 manibus
1575 2863 1901 2928 Paciaecis
1950 2865 2284 2941 ultionem,
2352 2865 2616 2946 Etpasto
2664 2882 2964 2944 poenam,
2998 2856 3191 2942 'geni-

465 2966 711 3030 toribus
779 2966 1193 3044 nutrimenta,
1251 2967 1440 3032 vobis
1501 2968 1782 3048 gloriosa
1848 2969 1981 3034 fata
2046 2971 2405 3052 peperistis,
2466 3007 2552 3015 —
2599 2969 2849 3033 Similia
2894 2967 3189 3031 invenies

467 3071 641 3152 apud
687 3071 1005 3136 Senecam
1053 3072 1087 3135 l.
1135 3092 1186 3136 c.
1234 3080 1298 3137 et
1341 3075 1418 3156 X,
1470 3076 1526 3149 1,
1580 3078 1633 3155 1,
1680 3076 1793 3139 ubi
1840 3075 2151 3140 Albucius
2199 3068 2366 3141 Silus
2429 3077 2593 3140 haec
2659 3074 2932 3157 profert:
3003 3073 3190 3150 Quod

467 3177 832 3240 sordidatus
874 3177 984 3259 fui,
1029 3178 1238 3243 luctus
1284 3186 1401 3262 est,
1473 3182 1645 3262 quod
1712 3183 1859 3246 flevi
1931 3183 2185 3263 pietatis
2232 3190 2347 3261 est,
2421 3183 2595 3263 quod
2666 3200 2799 3246 non
2861 3181 3186 3256 accusavi,

468 3281 717 3346 timoris
765 3289 879 3364 est,
927 3285 1097 3366 quod
1144 3286 1438 3366 repulsus
1487 3294 1601 3368 est,
1647 3295 1940 3351 vestrum
1987 3295 2099 3352 est.

472 3391 475 3392 ’
681 3388 854 3465 Quas
922 3391 1196 3472 ineptias
1274 3392 1562 3456 imitatus
1627 3392 1922 3457 Valerius
1994 3394 2315 3459 Maximus
2389 3402 2452 3459 et
2495 3396 2633 3476 ipse
2680 3393 2946 3471 curavit,
3009 3397 3081 3454 ut
3122 3391 3192 3451 in

470 3494 786 3559 eiusmodi
830 3493 1077 3558 lusibus
1124 3514 1432 3560 numerus
1479 3505 1834 3580 constaret,
1881 3500 2096 3563 minus
2144 3500 2396 3563 curavit
2435 3518 2521 3563 an
2566 3518 2813 3564 sensus.
2888 3497 2969 3561 Ut
3016 3495 3192 3560 enim

472 3600 681 3664 forma
726 3600 903 3663 omni
959 3618 1036 3664 ex
1082 3609 1265 3682 parte
1328 3612 1909 3684 consummaretur,
1975 3606 2233 3687 saepius
2295 3624 2562 3671 necesse
2609 3612 2749 3670 erat
2794 3602 3193 3666 insulsitates

471 3725 685 3770 meras
732 3706 1038 3786 inserere,
1084 3727 1245 3789 quas
1291 3708 1423 3773 iam
1470 3711 1748 3775 Romani
1796 3712 2026 3775 merito
2074 3731 2223 3775 cum
2274 3719 2651 3794 contemptu
2697 3710 3176 3791 »explementa«

471 3819 882 3876 vocaverant.
976 3813 1069 3876 Ex
1129 3815 1367 3879 scholis
1434 3833 1590 3879 vero
1652 3815 1979 3881 Valerium
2049 3818 2377 3882 inficetam
2436 3819 2611 3882 illam
2676 3816 3063 3899 sapientiam
3129 3818 3195 3875 et

473 3919 740 3982 nimiam
787 3918 1108 3985 rettulisse
1155 3922 1623 3986 sententiarum
1671 3925 2126 4004 captationem,
2173 3924 2388 3988 minus
2422 3925 2693 3989 fidenter
2725 3937 3196 3997 asseverarem,

475 4025 598 4087 nisi
643 4043 846 4088 unum
889 4026 1452 4108 certissimumque
1515 4029 1652 4091 eius
1700 4028 1794 4094 rei
1840 4029 2151 4093 indicium
2199 4049 2426 4094 eruere
2462 4031 2851 4109 contigisset.
2897 4024 3196 4089 Valerius

477 4131 652 4194 enim
691 4128 924 4193 Metelli
969 4136 1034 4194 et
1078 4133 1461 4207 cohortium,
1506 4152 1677 4218 quae
1724 4134 1897 4215 apud
1932 4133 2346 4199 Contrebiam
2376 4134 2852 4199 multitudinem
2901 4130 3198 4196 hostium

475 4242 883 4316 superarunt,
958 4236 1331 4301 fortitudine
1380 4239 1705 4319 descripta
1752 4238 1845 4322 (ΙΙ,
1898 4244 1953 4322 7,
2006 4240 2112 4324 10)
2159 4242 2284 4305 hoc
2331 4241 2830 4321 epiphonemate
2876 4236 3199 4302 conclusit

478 4341 573 4406 rei
617 4341 1080 4407 narrationem:
1150 4343 1490 4411 Humanae
1535 4345 1727 4424 igitur
1773 4346 2228 4410 imbecillitatis
2276 4348 2799 4412 efficacissimum
2846 4345 3199 4407 duramen-

478 4453 616 4510 tum
663 4452 761 4510 est
801 4449 1169 4514 necessitas}
1219 4449 1359 4527 Quo
1393 4450 1651 4532 quidem
1691 4451 1834 4516 loco
1881 4451 2034 4516 furti
2081 4452 2406 4516 manifesti
2454 4472 2602 4517 eum
2651 4469 2921 4532 arguere
2967 4467 3200 4530 possu-

481 4571 645 4615 mus,
735 4551 901 4615 Nam
965 4553 1280 4619 Votienus
1342 4555 1688 4619 Montanus
1755 4558 1929 4639 apud
1993 4559 2311 4623 Senecam
2373 4558 2676 4623 Controv,
2738 4558 2842 4635 IX,
2905 4559 2962 4636 4,
3029 4554 3069 4618 5
3119 4552 3197 4616 de

482 4657 888 4737 tyrannicida
932 4658 1305 4724 declamans
1355 4663 1709 4742 protulerat
1753 4664 2210 4729 sententiolam
2255 4684 2521 4745 prorsus
2569 4663 2868 4727 similem:
2920 4658 3199 4725 necessi-

483 4771 602 4841 taS,
652 4763 759 4840 ait,
831 4782 1136 4845 magnum
1199 4767 1524 4833 humanae
1582 4769 2036 4835 imbecillitatis
2082 4770 2515 4853 patrocinium
2562 4776 2676 4835 est.
2769 4767 2891 4845 Qui
2938 4766 3202 4848 quidem
