3529 5394
1619 448 1625 453 ’
1697 458 1737 521 5

351 684 428 732 eo
491 670 708 729 essent
765 663 977 729 alieni.
1068 665 1357 730 Accessit
1426 666 1759 730 rhetorum
1834 666 2077 743 schola,
2165 684 2330 746 quae
2402 664 2726 730 coloribus
2773 667 2907 730 suis
2954 683 3067 730 seu

348 771 511 835 fucis
557 771 777 834 omnia
844 771 1201 834 litterarum
1270 790 1510 851 genera
1557 779 1668 836 aut
1713 772 1942 837 leviter
1989 771 2309 853 adspersit
2356 778 2470 835 aut
2518 772 2774 852 penitus
2821 770 3069 836 imbuit.

347 877 627 958 Indeque
676 876 968 940 manavit
1009 877 1332 941 affectatio
1382 877 1704 958 quaedam
1753 879 1822 941 in
1868 896 2171 942 sermone
2220 878 2436 940 minus
2485 879 2636 941 trito
2685 877 3073 958 aucupando

346 982 520 1064 apud
571 982 825 1055 ,multos
894 988 1194 1046 auctores
1265 982 1454 1046 huius
1502 983 1645 1047 aevi
1694 984 2082 1064 conspicua3
2148 983 2375 1046 similis
2447 983 2709 1064 quidam
2778 989 2966 1047 tenor
3011 990 3075 1048 et

346 1088 636 1168 singulae
716 1088 1096 1166 locutiones,
1188 1107 1339 1151 cum
1426 1090 1752 1153 cacozelia
1822 1089 2103 1170 quadam
2184 1089 2495 1169 repetitae
2567 1089 2852 1153 studium
2919 1087 3074 1152 illud

347 1201 627 1271 arguunt
693 1201 757 1259 et
848 1194 1147 1275 produnt.
1212 1195 1463 1259 Etenim
1502 1257 1504 1261 ,
1541 1197 1849 1260 novitatis
1919 1196 2271 1277 captationi
2338 1195 2772 1260 comitabatur
2847 1213 3073 1260 eorum

347 1300 621 1364 imitatio
670 1319 836 1382 quae
881 1301 1080 1366 semel
1145 1302 1527 1365 insolentius
1604 1303 1756 1366 ficta
1811 1308 1874 1366 et
1935 1302 2189 1384 prolata
2250 1301 2753 1382 prosterioribus
2800 1301 2889 1365 ita
2935 1300 3070 1381 pla-

347 1413 640 1484 cuerunt,
716 1397 787 1471 ut
856 1425 1170 1471 nauseam
1220 1408 1352 1472 fere
1401 1416 1707 1473 moveant
1752 1409 2077 1492 frequenti
2125 1409 2484 1474 iteratione.
2534 1410 2695 1472 Rem
2741 1408 2973 1488 ipsam,
3023 1408 3077 1470 si

347 1512 407 1576 ei
451 1512 808 1577 litterarum
868 1515 1023 1577 vitio
1092 1514 1487 1596 respondere
1561 1523 1829 1592 statuaS,
1903 1511 2105 1597 quod'
2141 1515 2519 1598 recentioris
2591 1514 2733 1580 aevi
2781 1512 3077 1578 homines

354 1617 813 1699 francogallica
857 1639 1018 1685 voce
1065 1623 1437 1686 maniere
1505 1622 1847 1700 designare
1911 1632 1974 1688 et
2019 1626 2454 1704 perstringere
2500 1622 2726 1699 solent,
2774 1620 3073 1702 equidem

351 1722 795 1789 lubentissime
842 1726 992 1790 huic
1040 1727 1330 1808 opinioni
1377 1727 1804 1791 subscribam.
1885 1778 1889 1783 .

561 1830 638 1894 In
703 1831 782 1895 iis
851 1851 1016 1913 quae
1085 1851 1284 1914 supra
1351 1833 1606 1913 protuli,
1669 1836 1892 1897 insunt
1938 1834 2067 1897 iam
2118 1833 2457 1914 quaedam,
2509 1851 2675 1914 quae
2721 1831 2802 1896 ad
2852 1832 3073 1896 obser·

263 1986 272 1994 .
351 1935 679 1999 vationem
750 1937 921 2001 hanc
989 1937 1438 2002 illustrandam
1510 1939 1722 2002 facere
1791 1937 2158 2018 videantur3
2230 1956 2399 2002 nova
2460 1945 2681 2002 tamen
2756 1936 3071 2019 exempla,

297 2039 305 2048 '
357 2060 484 2122 quo
554 2060 658 2106 res
729 2043 969 2107 clarius
1015 2050 1252 2124 pateat,
1331 2045 1544 2108 adhuc
1608 2045 1867 2109 adicere
1939 2062 2177 2126 operae
2243 2044 2522 2124 pretium
2571 2050 2685 2107 est.
2733 2042 2961 2109 Cicero
3008 2044 3075 2106 in

354 2147 647 2212 oratione
696 2149 795 2212 'in
869 2150 1171 2214 Pisonem
1252 2152 1304 2232 ἓ.
1351 2154 1437 2216 84
1504 2151 1591 2214 ita
1660 2157 1759 2214 est
1805 2169 1959 2215 usus
2005 2150 2326 2215 vocabulo
2386 2149 2956 2226 accessioniS,
3006 2155 3077 2212 ut

353 2272 593 2318 nomen
640 2255 765 2318 hoc
811 2255 895 2319 ad
942 2256 1274 2321 hominem
1343 2256 1684 2321 referatur:
1752 2255 1867 2319 tibi
1931 2257 2127 2320 etiam
2192 2257 2485 2320 accessio
2557 2255 2674 2319 fuit
2717 2256 2800 2319 ad
2847 2274 3075 2320 necem

352 2359 626 2423 Platoris
671 2361 1007 2426 Pleuratus
1054 2365 1194 2427 eius
1239 2381 1479 2427 comes.
1575 2361 1796 2427 Simile
1844 2362 2214 2443 exemplum
2262 2361 2554 2426 invenies
2605 2361 2778 2441 apud
2826 2360 3075 2424 Livium

352 2464 458 2543 45,
508 2469 576 2531 7:
625 2467 889 2548 Syphax
937 2520 948 2532 .
998 2520 1009 2532 .
1059 2520 1070 2532 .
1117 2470 1408 2533 accessio
1454 2467 1606 2532 belli
1653 2468 1884 2531 Punici
1933 2467 2161 2545 fuerat,
2233 2469 2399 2531 sicut
2441 2467 2733 2531 Gentius
2778 2466 3077 2531 Macedo-

353 2572 501 2636 nici.
562 2572 912 2638 Videamus
958 2594 1132 2639 nunc
1179 2583 1242 2640 et
1285 2575 1615 2651 mIremur,
1689 2580 2091 2656 quantopere
2138 2574 2261 2637 hac
2308 2573 2620 2637 audacius
2669 2572 3077 2637 conformata

254 2766 261 2770 ἡ
349 2676 676 2744 locutione
756 2681 1131 2761 posterioris
1214 2681 1355 2747 aevi
1437 2681 1785 2762 scriptores
1860 2680 2157 2745 delectati
2243 2680 2386 2744 sint.
2488 2679 2676 2761 Apud
2758 2679 3076 2744 Senecam

353 2784 586 2849 dicitur
629 2786 906 2868 Lepidus
976 2789 1159 2852 Suas,
1226 2792 1284 2865 7,
1348 2791 1388 2852 6
1457 2788 1707 2853 alienae
1755 2787 2122 2852 dementiae
2169 2786 2479 2863 accessiO,
2528 2787 2700 2867 apud
2746 2785 3075 2849 Valerium

353 2889 706 2955 MaXImum
777 2895 837 2970 5,
887 2898 946 2971 7,
999 2897 1030 2958 1
1104 2895 1339 2958 Fabius
1407 2895 1696 2959 accessio
1776 2912 2077 2975 pompae,
2149 2897 2223 2969 9,
2285 2895 2316 2956 1
2394 2900 2517 2957 ext.
2564 2893 2605 2956 5
2669 2891 3075 2957 Ptolemaeus

351 2998 639 3062 accessio
712 3000 1015 3063 vitiorum
1098 3020 1365 3065 suorum
1440 3008 1873 3081 nuncupatur.
1959 2999 2207 3065 Seneca
2277 3017 2470 3075 porro
2536 2999 2703 3063 filius
2767 2997 2961 3063 habet
3009 3000 3073 3063 in

353 3101 624 3182 dialogis
668 3104 767 3184 VI,
817 3106 920 3183 26,
970 3110 1032 3171 7:
1084 3127 1202 3171 nos
1249 3126 1452 3188 parva
1497 3109 1729 3171 ruinae
1777 3107 2053 3185 ingentis
2087 3106 2391 3170 accessio
2437 3105 2685 3180 FlorUS,
2735 3104 3074 3168 Livianum

350 3208 638 3273 imitatus
682 3218 779 3275 est
823 3214 1209 3295 exemplum,
1260 3233 1407 3276 cum
1453 3214 1493 3290 I,
1542 3213 1625 3276 25
1672 3211 1947 3276 diceret:
2013 3211 2223 3274 Aetoli
2270 3210 2418 3275 belli
2457 3211 2747 3275 accessio
2797 3211 3075 3274 fuerunt.

350 3314 521 3378 Idem
585 3323 806 3381 tamen
866 3326 1201 3399 praeterea
1270 3319 1531 3398 scripsit
1596 3319 1639 3396 I,
1690 3319 1803 3382 36:
1876 3318 1985 3399 qui
2051 3317 2300 3382 alienae
2350 3316 2549 3380 cladis
2596 3317 2885 3381 accessio
2934 3316 3074 3380 fieri

351 3421 535 3486 timet
579 3430 642 3486 et
692 3427 747 3499 1,
795 3426 903 3487 41:
952 3423 1115 3488 Cilix
1162 3424 1632 3488 Mithridaticae
1679 3424 2055 3505 provinciae
2105 3422 2313 3486 factus
2361 3422 2668 3486 accessio
2744 3423 2815 3486 In
2864 3421 3075 3486 decla·

355 3528 751 3592 mationibus
830 3529 1515 3610 pseudoquintilianeis
1592 3529 1819 3592 eadem
1904 3528 2144 3591 locutio
2230 3529 2511 3591 occurrit
2589 3527 2691 3604 IX,
2776 3528 2890 3592 20:
2969 3526 3073 3591 ille

356 3635 621 3699 maioris
669 3636 981 3699 momenti
1030 3636 1336 3698 accessio

561 3739 707 3804 Non
776 3741 986 3804 solum
1061 3742 1253 3819 igitur
1320 3740 1500 3804 locos
1576 3758 1958 3803 communes
2023 3740 2375 3819 scriptores
2445 3738 2636 3802 huius
2684 3739 2912 3802 aetatis
2962 3738 3074 3802 ad-

354 3854 683 3924 amarunt,
734 3846 848 3910 sed
886 3848 1079 3911 etiam
1127 3847 1487 3910 locutiones
1536 3845 1851 3926 quasdam
1900 3852 2254 3926 tamquam·
2283 3843 2664 3908 communes
2710 3845 2780 3907 in
2827 3843 3069 3907 deliciis

354 3952 740 4017 habuerunt.
832 3953 1126 4016 Affectati
1217 3952 1454 4032 aliquid
1548 3951 1809 4032 saepius
1890 3951 2062 4032 apud
2141 3969 2251 4014 eos
2328 3950 2863 4030 deprehenditur,
2927 3968 3072 4012 cum

351 4060 417 4123 in
463 4060 782 4137 sensibUS,
861 4066 999 4122 turn
1080 4060 1146 4121 in
1229 4058 1456 4135 forma,
1531 4076 1658 4138 qua
1722 4057 1870 4121 illae
1916 4058 2276 4122 sententiae
2345 4057 2543 4121 veluti
2610 4062 2788 4119 veste
2860 4055 3076 4118 fucata

352 4166 726 4230 induuntur.
775 4165 973 4229 Cuius
1021 4165 1216 4229 studii
1263 4172 1326 4229 et
1373 4165 1573 4228 moris
1619 4165 1744 4227 hoc
1793 4163 2190 4228 luculentum
2238 4181 2678 4244 proponemus
2727 4161 3074 4241 specimen.

353 4271 628 4336 Arellius
672 4271 919 4336 Fuscus
989 4272 1057 4334 in
1125 4272 1413 4335 Senecae
1482 4271 1683 4351 patris
1729 4269 2202 4334 Controversiis
2247 4270 2325 4345 X,
2372 4272 2433 4345 4,
2484 4271 2523 4331 6
2572 4267 2761 4331 talem
2814 4266 3077 4346 protulit

351 4361 1071 4457 sententiam1gen'us
1119 4383 1249 4440 est
1295 4375 1651 4454 rogandi
1698 4395 1993 4453 rogare
2040 4393 2193 4438 non
2241 4393 2511 4454 posse.
2549 4375 2780 4436 Postea
2814 4371 3074 4452 quidem

355 4484 680 4548 uberrima
725 4483 1029 4547 similium
1077 4483 1559 4547 enuntiatorum
1610 4481 1905 4560 provenit
1956 4499 2153 4558 seges.
2248 4480 2616 4542 Sententias
2688 4478 2860 4542 enim
2910 4496 3077 4558 quae

356 4591 603 4655 blanda.
640 4608 868 4654 sensus
916 4590 1201 4652 nOVItate
1248 4606 1390 4651 sese
1437 4587 1672 4650 animis
1722 4587 2035 4651 lectorum
2078 4586 2211 4650 sive
2244 4584 2615 4648 auditorum
2649 4583 3074 4659 insinuarent,

352 4698 612 4779 saepius
659 4696 741 4761 ad
791 4696 916 4759 hoc
964 4694 1299 4774 exemplar
1345 4693 1793 4755 formaverunt
1838 4697 2156 4754 auctores
2202 4690 2525 4772 Imprimis
2574 4691 2826 4753 Seneca
2871 4689 3078 4770 philo-

351 4807 599 4888 sophus
664 4801 903 4866 mirum
962 4807 1277 4883 quantum
1323 4797 1639 4862 eiusmodi
1688 4796 2123 4863 locutionibus
2172 4795 2524 4863 delectatus
2572 4802 2688 4863 est.
2781 4795 3077 4876 Legimus
