<?xml version="1.0" encoding="UTF-8"?>
<!DOCTYPE html PUBLIC "-//W3C//DTD XHTML 1.0 Transitional//EN"
    "http://www.w3.org/TR/xhtml1/DTD/xhtml1-transitional.dtd">
<html xmlns="http://www.w3.org/1999/xhtml" xml:lang="en" lang="en">
 <head>
  <title>
</title>
<meta http-equiv="Content-Type" content="text/html;charset=utf-8" />
  <meta name='ocr-system' content='tesseract 3.04.00' />
  <meta name='ocr-capabilities' content='ocr_page ocr_carea ocr_par ocr_line ocrx_word'/>
</head>
<body>
  <div class='ocr_page' id='page_1' title='image "./desermonescript00moragoog_0017.png"; bbox 0 0 3529 5394; ppageno 0'>
   <div class='ocr_carea' id='block_1_1' title="bbox 224 394 3049 3754">
    <p class='ocr_par' dir='ltr' id='par_1_1' title="bbox 1518 394 1702 470">
     <span class='ocr_line' id='line_1_1' title="bbox 1518 394 1702 470; baseline 0.011 -2"><span class='ocrx_word' id='word_1_1' title='bbox 1518 394 1522 400; x_wconf 71' lang='grc'><strong>’</strong></span> <span class='ocrx_word' id='word_1_2' title='bbox 1581 423 1584 426; x_wconf 75' lang='grc'><strong>’</strong></span> <span class='ocrx_word' id='word_1_3' title='bbox 1629 408 1702 470; x_wconf 92' lang='grc'>11</span> 
     </span>
    </p>

    <p class='ocr_par' dir='ltr' id='par_1_2' title="bbox 224 608 3049 3754">
     <span class='ocr_line' id='line_1_2' title="bbox 293 608 3037 698; baseline -0.004 -13"><span class='ocrx_word' id='word_1_4' title='bbox 293 620 658 698; x_wconf 85' lang='lat' dir='ltr'>celebrarit,</span> <span class='ocrx_word' id='word_1_5' title='bbox 706 619 786 682; x_wconf 90' lang='lat' dir='ltr'>iis</span> <span class='ocrx_word' id='word_1_6' title='bbox 834 618 1044 696; x_wconf 85' lang='lat' dir='ltr'>inniti,</span> <span class='ocrx_word' id='word_1_7' title='bbox 1113 635 1280 698; x_wconf 89' lang='lat' dir='ltr'>quae</span> <span class='ocrx_word' id='word_1_8' title='bbox 1325 618 1577 681; x_wconf 79' lang='lat' dir='ltr'>Seneca</span> <span class='ocrx_word' id='word_1_9' title='bbox 1622 617 1690 679; x_wconf 93' lang='lat' dir='ltr'>in</span> <span class='ocrx_word' id='word_1_10' title='bbox 1736 614 1918 678; x_wconf 89' lang='lat' dir='ltr'>libris</span> <span class='ocrx_word' id='word_1_11' title='bbox 1964 613 2044 678; x_wconf 92' lang='lat' dir='ltr'>de</span> <span class='ocrx_word' id='word_1_12' title='bbox 2077 612 2418 677; x_wconf 86' lang='lat' dir='ltr'>clementia</span> <span class='ocrx_word' id='word_1_13' title='bbox 2464 613 2506 689; x_wconf 90' lang='grc' dir='ltr'>Ι,</span> <span class='ocrx_word' id='word_1_14' title='bbox 2560 612 2638 674; x_wconf 87' lang='grc'>19</span> <span class='ocrx_word' id='word_1_15' title='bbox 2677 612 2744 674; x_wconf 93' lang='lat' dir='ltr'>in</span> <span class='ocrx_word' id='word_1_16' title='bbox 2775 608 3037 676; x_wconf 80' lang='lat' dir='ltr'>laudem</span> 
     </span>
     <span class='ocr_line' id='line_1_3' title="bbox 302 705 3029 806; baseline -0.003 -18"><span class='ocrx_word' id='word_1_17' title='bbox 302 726 563 806; x_wconf 85' lang='lat' dir='ltr'>protulit</span> <span class='ocrx_word' id='word_1_18' title='bbox 604 724 899 788; x_wconf 78' lang='lat' dir='ltr'>Neronis</span> <span class='ocrx_word' id='word_1_19' title='bbox 946 722 1204 786; x_wconf 86' lang='lat' dir='ltr'>Maioris</span> <span class='ocrx_word' id='word_1_20' title='bbox 1236 740 1393 786; x_wconf 91' lang='lat' dir='ltr'>vero</span> <span class='ocrx_word' id='word_1_21' title='bbox 1438 730 1590 785; x_wconf 91' lang='lat' dir='ltr'>sunt</span> <span class='ocrx_word' id='word_1_22' title='bbox 1637 722 1973 797; x_wconf 80' lang='lat' dir='ltr'><strong>momenti,</strong></span> <span class='ocrx_word' id='word_1_23' title='bbox 2022 738 2187 802; x_wconf 89' lang='lat' dir='ltr'>quae</span> <span class='ocrx_word' id='word_1_24' title='bbox 2232 705 2666 782; x_wconf 40' lang='lat' dir='ltr'>de’sermonis</span> <span class='ocrx_word' id='word_1_25' title='bbox 2717 717 3029 780; x_wconf 82' lang='lat' dir='ltr'>affinitate</span> 
     </span>
     <span class='ocr_line' id='line_1_4' title="bbox 291 814 3025 911; baseline -0.003 -18"><span class='ocrx_word' id='word_1_26' title='bbox 291 831 470 911; x_wconf 88' lang='lat' dir='ltr'>apud</span> <span class='ocrx_word' id='word_1_27' title='bbox 515 838 864 910; x_wconf 90' lang='lat' dir='ltr'>utrumque</span> <span class='ocrx_word' id='word_1_28' title='bbox 927 834 1261 892; x_wconf 82' lang='lat' dir='ltr'>auctorem</span> <span class='ocrx_word' id='word_1_29' title='bbox 1307 827 1664 908; x_wconf 89' lang='lat' dir='ltr'>conspicua</span> <span class='ocrx_word' id='word_1_30' title='bbox 1721 826 2020 889; x_wconf 87' lang='lat' dir='ltr'>adnotari</span> <span class='ocrx_word' id='word_1_31' title='bbox 2088 830 2376 905; x_wconf 88' lang='lat' dir='ltr'>possunt.</span> <span class='ocrx_word' id='word_1_32' title='bbox 2469 821 2802 900; x_wconf 82' lang='lat' dir='ltr'>Quaedam</span> <span class='ocrx_word' id='word_1_33' title='bbox 2850 814 3025 885; x_wconf 90' lang='lat' dir='ltr'>enim</span> 
     </span>
     <span class='ocr_line' id='line_1_5' title="bbox 295 926 3028 1015; baseline -0.004 -17"><span class='ocrx_word' id='word_1_34' title='bbox 295 953 546 1014; x_wconf 89' lang='lat' dir='ltr'>eorum,</span> <span class='ocrx_word' id='word_1_35' title='bbox 617 952 783 1015; x_wconf 89' lang='lat' dir='ltr'>quae</span> <span class='ocrx_word' id='word_1_36' title='bbox 855 932 1121 997; x_wconf 81' lang='lat' dir='ltr'>Seneca</span> <span class='ocrx_word' id='word_1_37' title='bbox 1179 931 1484 996; x_wconf 87' lang='lat' dir='ltr'>adfectati</span> <span class='ocrx_word' id='word_1_38' title='bbox 1557 932 1685 995; x_wconf 86' lang='lat' dir='ltr'>stili</span> <span class='ocrx_word' id='word_1_39' title='bbox 1752 931 1966 994; x_wconf 87' lang='lat' dir='ltr'>studio</span> <span class='ocrx_word' id='word_1_40' title='bbox 2030 930 2341 1010; x_wconf 88' lang='lat' dir='ltr'>abreptus</span> <span class='ocrx_word' id='word_1_41' title='bbox 2424 928 2639 1009; x_wconf 90' lang='lat' dir='ltr'>paullo</span> <span class='ocrx_word' id='word_1_42' title='bbox 2714 926 3028 990; x_wconf 88' lang='lat' dir='ltr'>audacius</span> 
     </span>
     <span class='ocr_line' id='line_1_6' title="bbox 294 1034 3034 1117; baseline -0.004 -14"><span class='ocrx_word' id='word_1_43' title='bbox 294 1041 658 1115; x_wconf 82' lang='lat' dir='ltr'>effinxerat,</span> <span class='ocrx_word' id='word_1_44' title='bbox 727 1038 970 1101; x_wconf 87' lang='lat' dir='ltr'>Plinius</span> <span class='ocrx_word' id='word_1_45' title='bbox 1040 1038 1450 1117; x_wconf 89' lang='lat' dir='ltr'>quaesitioris</span> <span class='ocrx_word' id='word_1_46' title='bbox 1513 1037 1837 1100; x_wconf 89' lang='lat' dir='ltr'>sermonis</span> <span class='ocrx_word' id='word_1_47' title='bbox 1902 1042 2196 1116; x_wconf 89' lang='lat' dir='ltr'>captator</span> <span class='ocrx_word' id='word_1_48' title='bbox 2256 1034 2626 1097; x_wconf 84' lang='lat' dir='ltr'>avidissime</span> <span class='ocrx_word' id='word_1_49' title='bbox 2674 1039 3034 1112; x_wconf 85' lang='lat' dir='ltr'>aucupatus</span> 
     </span>
     <span class='ocr_line' id='line_1_7' title="bbox 300 1138 3035 1225; baseline -0.004 -17"><span class='ocrx_word' id='word_1_50' title='bbox 300 1152 416 1209; x_wconf 90' lang='lat' dir='ltr'>est.</span> <span class='ocrx_word' id='word_1_51' title='bbox 476 1145 568 1207; x_wconf 92' lang='lat' dir='ltr'>Ita</span> <span class='ocrx_word' id='word_1_52' title='bbox 616 1145 876 1225; x_wconf 86' lang='lat' dir='ltr'>quidem</span> <span class='ocrx_word' id='word_1_53' title='bbox 928 1143 1179 1206; x_wconf 88' lang='lat' dir='ltr'>Seneca</span> <span class='ocrx_word' id='word_1_54' title='bbox 1225 1142 1293 1205; x_wconf 93' lang='lat' dir='ltr'>in</span> <span class='ocrx_word' id='word_1_55' title='bbox 1339 1141 1616 1223; x_wconf 84' lang='lat' dir='ltr'>epistula</span> <span class='ocrx_word' id='word_1_56' title='bbox 1674 1144 1757 1206; x_wconf 86' lang='lat'>39</span> <span class='ocrx_word' id='word_1_57' title='bbox 1808 1140 2165 1204; x_wconf 89' lang='lat' dir='ltr'>maximum</span> <span class='ocrx_word' id='word_1_58' title='bbox 2212 1139 2648 1219; x_wconf 80' lang='lat' dir='ltr'>corruptionis</span> <span class='ocrx_word' id='word_1_59' title='bbox 2693 1138 3035 1201; x_wconf 90' lang='lat' dir='ltr'>hominum</span> 
     </span>
     <span class='ocr_line' id='line_1_8' title="bbox 294 1242 3039 1329; baseline -0.003 -16"><span class='ocrx_word' id='word_1_60' title='bbox 294 1268 446 1323; x_wconf 87' lang='lat' dir='ltr'>esse</span> <span class='ocrx_word' id='word_1_61' title='bbox 492 1249 801 1313; x_wconf 92' lang='lat' dir='ltr'>indicium</span> <span class='ocrx_word' id='word_1_62' title='bbox 850 1248 1214 1329; x_wconf 83' lang='lat' dir='ltr'>contendit,</span> <span class='ocrx_word' id='word_1_63' title='bbox 1284 1248 1338 1310; x_wconf 91' lang='lat' dir='ltr'>si</span> <span class='ocrx_word' id='word_1_64' title='bbox 1388 1248 1561 1310; x_wconf 88' lang='lat' dir='ltr'>mala</span> <span class='ocrx_word' id='word_1_65' title='bbox 1606 1266 1726 1310; x_wconf 91' lang='lat' dir='ltr'>sua</span> <span class='ocrx_word' id='word_1_66' title='bbox 1774 1254 1995 1310; x_wconf 86' lang='lat' dir='ltr'>ament</span> <span class='ocrx_word' id='word_1_67' title='bbox 2040 1247 2246 1326; x_wconf 87' lang='lat' dir='ltr'>iisque</span> <span class='ocrx_word' id='word_1_68' title='bbox 2292 1245 2603 1323; x_wconf 77' lang='lat' dir='ltr'>serviant:</span> <span class='ocrx_word' id='word_1_69' title='bbox 2658 1251 2761 1309; x_wconf 81' lang='lat' dir='ltr'>»et</span> <span class='ocrx_word' id='word_1_70' title='bbox 2801 1242 3039 1308; x_wconf 81' lang='lat' dir='ltr'>desinit</span> 
     </span>
     <span class='ocr_line' id='line_1_9' title="bbox 224 1348 3036 1432; baseline -0.004 -10"><span class='ocrx_word' id='word_1_71' title='bbox 224 1426 227 1429; x_wconf 74' lang='grc'><strong>,</strong></span> <span class='ocrx_word' id='word_1_72' title='bbox 299 1374 447 1424; x_wconf 83' lang='lat' dir='ltr'>esse</span> <span class='ocrx_word' id='word_1_73' title='bbox 480 1355 791 1419; x_wconf 89' lang='lat' dir='ltr'>remediio</span> <span class='ocrx_word' id='word_1_74' title='bbox 824 1353 1027 1430; x_wconf 79' lang='lat' dir='ltr'>locuS,</span> <span class='ocrx_word' id='word_1_75' title='bbox 1077 1352 1187 1416; x_wconf 91' lang='lat' dir='ltr'>ubi</span> <span class='ocrx_word' id='word_1_76' title='bbox 1219 1370 1384 1432; x_wconf 91' lang='lat' dir='ltr'>quae</span> <span class='ocrx_word' id='word_1_77' title='bbox 1418 1351 1677 1415; x_wconf 51' lang='lat' dir='ltr'>fuerint¹</span> <span class='ocrx_word' id='word_1_78' title='bbox 1701 1352 1878 1431; x_wconf 88' lang='lat' dir='ltr'>vitia,</span> <span class='ocrx_word' id='word_1_79' title='bbox 1925 1370 1988 1413; x_wconf 93' lang='lat' dir='ltr'>m</span> <span class='ocrx_word' id='word_1_80' title='bbox 2011 1370 2048 1414; x_wconf 94' lang='lat' dir='ltr'>o</span> <span class='ocrx_word' id='word_1_81' title='bbox 2070 1369 2205 1415; x_wconf 92' lang='lat' dir='ltr'>res</span> <span class='ocrx_word' id='word_1_82' title='bbox 2254 1356 2464 1413; x_wconf 67' lang='lat' dir='ltr'>sunt«.</span> <span class='ocrx_word' id='word_1_83' title='bbox 2500 1349 2842 1413; x_wconf 86' lang='lat' dir='ltr'>Adfectata</span> <span class='ocrx_word' id='word_1_84' title='bbox 2872 1348 3036 1412; x_wconf 91' lang='lat' dir='ltr'>haec</span> 
     </span>
     <span class='ocr_line' id='line_1_10' title="bbox 303 1441 3039 1539; baseline -0.004 -15"><span class='ocrx_word' id='word_1_85' title='bbox 303 1461 593 1524; x_wconf 91' lang='lat' dir='ltr'>Senecae</span> <span class='ocrx_word' id='word_1_86' title='bbox 641 1441 1466 1539; x_wconf 37' lang='lat' dir='ltr'>breviloquentia‘videtur</span> <span class='ocrx_word' id='word_1_87' title='bbox 1517 1457 1719 1520; x_wconf 85' lang='lat' dir='ltr'>Plinio</span> <span class='ocrx_word' id='word_1_88' title='bbox 1769 1474 2166 1537; x_wconf 83' lang='lat' dir='ltr'>magnopere</span> <span class='ocrx_word' id='word_1_89' title='bbox 2213 1455 2534 1536; x_wconf 88' lang='lat' dir='ltr'>placuisse</span> <span class='ocrx_word' id='word_1_90' title='bbox 2600 1454 2704 1536; x_wconf 88' lang='lat' dir='ltr'>qui</span> <span class='ocrx_word' id='word_1_91' title='bbox 2756 1453 2834 1516; x_wconf 93' lang='lat' dir='ltr'>de</span> <span class='ocrx_word' id='word_1_92' title='bbox 2865 1452 3039 1530; x_wconf 90' lang='lat' dir='ltr'>vulgi</span> 
     </span>
     <span class='ocr_line' id='line_1_11' title="bbox 297 1556 3037 1645; baseline -0.002 -18"><span class='ocrx_word' id='word_1_93' title='bbox 297 1564 538 1628; x_wconf 79' lang='lat' dir='ltr'>studiis</span> <span class='ocrx_word' id='word_1_94' title='bbox 597 1564 896 1645; x_wconf 90' lang='lat' dir='ltr'>exemplo</span> <span class='ocrx_word' id='word_1_95' title='bbox 968 1563 1174 1641; x_wconf 88' lang='lat' dir='ltr'>magis</span> <span class='ocrx_word' id='word_1_96' title='bbox 1232 1580 1429 1643; x_wconf 88' lang='lat' dir='ltr'>quam</span> <span class='ocrx_word' id='word_1_97' title='bbox 1475 1562 1820 1626; x_wconf 84' lang='lat' dir='ltr'>severitate</span> <span class='ocrx_word' id='word_1_98' title='bbox 1866 1562 2129 1625; x_wconf 90' lang='lat' dir='ltr'>Traiani</span> <span class='ocrx_word' id='word_1_99' title='bbox 2175 1561 2484 1625; x_wconf 89' lang='lat' dir='ltr'>correctis</span> <span class='ocrx_word' id='word_1_100' title='bbox 2530 1559 2855 1624; x_wconf 87' lang='lat' dir='ltr'>disserens</span> <span class='ocrx_word' id='word_1_101' title='bbox 2903 1556 3037 1641; x_wconf 83' lang='lat'>(46)</span> 
     </span>
     <span class='ocr_line' id='line_1_12' title="bbox 303 1649 3037 1749; baseline -0.003 -15"><span class='ocrx_word' id='word_1_102' title='bbox 303 1668 428 1734; x_wconf 89' lang='lat' dir='ltr'>hac</span> <span class='ocrx_word' id='word_1_103' title='bbox 475 1669 763 1733; x_wconf 89' lang='lat' dir='ltr'>clausula</span> <span class='ocrx_word' id='word_1_104' title='bbox 811 1668 1126 1749; x_wconf 81' lang='lat' dir='ltr'>expressit</span> <span class='ocrx_word' id='word_1_105' title='bbox 1184 1667 1279 1734; x_wconf 89' lang='lat' dir='ltr'>rei</span> <span class='ocrx_word' id='word_1_106' title='bbox 1347 1667 1875 1732; x_wconf 88' lang='lat' dir='ltr'>admirationem:</span> <span class='ocrx_word' id='word_1_107' title='bbox 1945 1660 2334 1730; x_wconf 81' lang='lat' dir='ltr'>consecutus</span> <span class='ocrx_word' id='word_1_108' title='bbox 2391 1684 2461 1729; x_wconf 89' lang='lat' dir='ltr'>es</span> <span class='ocrx_word' id='word_1_109' title='bbox 2507 1671 2579 1729; x_wconf 91' lang='lat' dir='ltr'>ut</span> <span class='ocrx_word' id='word_1_110' title='bbox 2608 1649 2795 1746; x_wconf 46' lang='lat' dir='ltr'>&#39;quod</span> <span class='ocrx_word' id='word_1_111' title='bbox 2844 1670 3037 1728; x_wconf 88' lang='lat' dir='ltr'>antea</span> 
     </span>
     <span class='ocr_line' id='line_1_13' title="bbox 298 1770 3040 1855; baseline -0.002 -17"><span class='ocrx_word' id='word_1_112' title='bbox 298 1777 402 1838; x_wconf 82' lang='lat' dir='ltr'>vis</span> <span class='ocrx_word' id='word_1_113' title='bbox 449 1784 512 1839; x_wconf 88' lang='lat' dir='ltr'>et</span> <span class='ocrx_word' id='word_1_114' title='bbox 556 1775 923 1855; x_wconf 87' lang='lat' dir='ltr'>imperium,</span> <span class='ocrx_word' id='word_1_115' title='bbox 991 1792 1164 1845; x_wconf 91' lang='lat' dir='ltr'>nunc</span> <span class='ocrx_word' id='word_1_116' title='bbox 1213 1791 1488 1836; x_wconf 88' lang='lat' dir='ltr'>mores</span> <span class='ocrx_word' id='word_1_117' title='bbox 1534 1772 2380 1836; x_wconf 89' lang='lat' dir='ltr'>vocarentur.—Attamen</span> <span class='ocrx_word' id='word_1_118' title='bbox 2425 1771 2851 1852; x_wconf 88' lang='lat' dir='ltr'>praecipuum</span> <span class='ocrx_word' id='word_1_119' title='bbox 2898 1770 3040 1833; x_wconf 90' lang='lat' dir='ltr'>imi-</span> 
     </span>
     <span class='ocr_line' id='line_1_14' title="bbox 302 1875 3039 1961; baseline -0.003 -14"><span class='ocrx_word' id='word_1_120' title='bbox 302 1883 568 1961; x_wconf 88' lang='lat' dir='ltr'>tationis</span> <span class='ocrx_word' id='word_1_121' title='bbox 612 1882 923 1946; x_wconf 92' lang='lat' dir='ltr'>indicium</span> <span class='ocrx_word' id='word_1_122' title='bbox 971 1880 1516 1944; x_wconf 87' lang='lat' dir='ltr'>alio.invenimus</span> <span class='ocrx_word' id='word_1_123' title='bbox 1561 1881 1735 1956; x_wconf 90' lang='lat' dir='ltr'>loco,</span> <span class='ocrx_word' id='word_1_124' title='bbox 1787 1880 1894 1961; x_wconf 90' lang='lat' dir='ltr'>qui</span> <span class='ocrx_word' id='word_1_125' title='bbox 1941 1899 2023 1943; x_wconf 90' lang='lat' dir='ltr'>ex</span> <span class='ocrx_word' id='word_1_126' title='bbox 2070 1879 2342 1944; x_wconf 88' lang='lat' dir='ltr'>diversis</span> <span class='ocrx_word' id='word_1_127' title='bbox 2388 1877 2712 1943; x_wconf 88' lang='lat' dir='ltr'>sermonis</span> <span class='ocrx_word' id='word_1_128' title='bbox 2778 1875 3039 1939; x_wconf 83' lang='lat' dir='ltr'>Annae-</span> 
     </span>
     <span class='ocr_line' id='line_1_15' title="bbox 299 1983 3047 2069; baseline -0.002 -18"><span class='ocrx_word' id='word_1_129' title='bbox 299 1989 414 2051; x_wconf 88' lang='lat' dir='ltr'>ani</span> <span class='ocrx_word' id='word_1_130' title='bbox 461 1988 750 2051; x_wconf 76' lang='lat' dir='ltr'>frustulis</span> <span class='ocrx_word' id='word_1_131' title='bbox 801 1986 1285 2069; x_wconf 88' lang='lat' dir='ltr'>quodammodo</span> <span class='ocrx_word' id='word_1_132' title='bbox 1330 1988 1653 2050; x_wconf 87' lang='lat' dir='ltr'>conflatus</span> <span class='ocrx_word' id='word_1_133' title='bbox 1701 1994 1817 2051; x_wconf 86' lang='lat' dir='ltr'>est.</span> <span class='ocrx_word' id='word_1_134' title='bbox 1893 1987 2137 2050; x_wconf 86' lang='lat' dir='ltr'>Plinius</span> <span class='ocrx_word' id='word_1_135' title='bbox 2190 1987 2257 2048; x_wconf 92' lang='lat' dir='ltr'>in</span> <span class='ocrx_word' id='word_1_136' title='bbox 2303 1985 2446 2050; x_wconf 94' lang='lat' dir='ltr'>loco</span> <span class='ocrx_word' id='word_1_137' title='bbox 2494 1983 2826 2048; x_wconf 90' lang='lat' dir='ltr'>communi</span> <span class='ocrx_word' id='word_1_138' title='bbox 2872 1988 3047 2046; x_wconf 90' lang='lat' dir='ltr'>trac-</span> 
     </span>
     <span class='ocr_line' id='line_1_16' title="bbox 301 2090 3035 2175; baseline -0.002 -19"><span class='ocrx_word' id='word_1_139' title='bbox 301 2094 503 2158; x_wconf 88' lang='lat' dir='ltr'>tando</span> <span class='ocrx_word' id='word_1_140' title='bbox 549 2094 630 2157; x_wconf 94' lang='lat' dir='ltr'>de</span> <span class='ocrx_word' id='word_1_141' title='bbox 677 2093 987 2175; x_wconf 89' lang='lat' dir='ltr'>principis</span> <span class='ocrx_word' id='word_1_142' title='bbox 1034 2093 1381 2157; x_wconf 87' lang='lat' dir='ltr'>securitate</span> <span class='ocrx_word' id='word_1_143' title='bbox 1427 2097 1491 2157; x_wconf 87' lang='lat' dir='ltr'>e&#39;t</span> <span class='ocrx_word' id='word_1_144' title='bbox 1531 2093 1803 2170; x_wconf 87' lang='lat' dir='ltr'>ratione,</span> <span class='ocrx_word' id='word_1_145' title='bbox 1856 2111 1984 2173; x_wconf 89' lang='lat' dir='ltr'>qua</span> <span class='ocrx_word' id='word_1_146' title='bbox 2015 2093 2330 2156; x_wconf 87' lang='lat' dir='ltr'>securitas</span> <span class='ocrx_word' id='word_1_147' title='bbox 2371 2090 2480 2155; x_wconf 88' lang='lat' dir='ltr'>illa</span> <span class='ocrx_word' id='word_1_148' title='bbox 2515 2090 2760 2153; x_wconf 89' lang='lat' dir='ltr'>firmari</span> <span class='ocrx_word' id='word_1_149' title='bbox 2797 2094 3035 2168; x_wconf 90' lang='lat' dir='ltr'>posset,</span> 
     </span>
     <span class='ocr_line' id='line_1_17' title="bbox 308 2194 3041 2279; baseline -0.003 -17"><span class='ocrx_word' id='word_1_150' title='bbox 308 2198 503 2269; x_wconf 88' lang='lat' dir='ltr'>nimis</span> <span class='ocrx_word' id='word_1_151' title='bbox 549 2198 683 2263; x_wconf 87' lang='lat' dir='ltr'>fere</span> <span class='ocrx_word' id='word_1_152' title='bbox 726 2198 994 2262; x_wconf 89' lang='lat' dir='ltr'>indulsit</span> <span class='ocrx_word' id='word_1_153' title='bbox 1042 2198 1380 2261; x_wconf 86' lang='lat' dir='ltr'>rhetorum</span> <span class='ocrx_word' id='word_1_154' title='bbox 1412 2198 1906 2262; x_wconf 89' lang='lat' dir='ltr'>oblectamentis</span> <span class='ocrx_word' id='word_1_155' title='bbox 1940 2199 2076 2279; x_wconf 82' lang='lat'>(49)</span> <span class='ocrx_word' id='word_1_156' title='bbox 2109 2196 2581 2277; x_wconf 88' lang='lat' dir='ltr'>audentiusque</span> <span class='ocrx_word' id='word_1_157' title='bbox 2629 2195 2709 2258; x_wconf 93' lang='lat' dir='ltr'>de</span> <span class='ocrx_word' id='word_1_158' title='bbox 2765 2194 3041 2256; x_wconf 81' lang='lat' dir='ltr'>»amoris</span> 
     </span>
     <span class='ocr_line' id='line_1_18' title="bbox 300 2301 3040 2394; baseline -0.002 -26"><span class='ocrx_word' id='word_1_159' title='bbox 300 2305 633 2368; x_wconf 81' lang='lat' dir='ltr'>excubiis«</span> <span class='ocrx_word' id='word_1_160' title='bbox 686 2312 749 2369; x_wconf 90' lang='lat' dir='ltr'>et</span> <span class='ocrx_word' id='word_1_161' title='bbox 796 2304 1173 2367; x_wconf 88' lang='lat' dir='ltr'>innocentia</span> <span class='ocrx_word' id='word_1_162' title='bbox 1244 2304 1554 2385; x_wconf 90' lang='lat' dir='ltr'>principis</span> <span class='ocrx_word' id='word_1_163' title='bbox 1627 2322 1795 2383; x_wconf 89' lang='lat' dir='ltr'>quae</span> <span class='ocrx_word' id='word_1_164' title='bbox 1860 2304 2029 2367; x_wconf 88' lang='lat' dir='ltr'>arcis</span> <span class='ocrx_word' id='word_1_165' title='bbox 2078 2304 2473 2394; x_wconf 27' lang='lat' dir='ltr'>‚inaccessae</span> <span class='ocrx_word' id='word_1_166' title='bbox 2544 2301 2719 2364; x_wconf 90' lang='lat' dir='ltr'>vices</span> <span class='ocrx_word' id='word_1_167' title='bbox 2764 2305 3040 2375; x_wconf 88' lang='lat' dir='ltr'>teneret,</span> 
     </span>
     <span class='ocr_line' id='line_1_19' title="bbox 308 2405 3044 2489; baseline -0.002 -16"><span class='ocrx_word' id='word_1_168' title='bbox 308 2411 560 2474; x_wconf 89' lang='lat' dir='ltr'>locutus</span> <span class='ocrx_word' id='word_1_169' title='bbox 608 2416 720 2474; x_wconf 90' lang='lat' dir='ltr'>est.</span> <span class='ocrx_word' id='word_1_170' title='bbox 817 2408 1101 2474; x_wconf 87' lang='lat' dir='ltr'>Ornatae</span> <span class='ocrx_word' id='word_1_171' title='bbox 1179 2409 1533 2488; x_wconf 86' lang='lat' dir='ltr'>egressioni</span> <span class='ocrx_word' id='word_1_172' title='bbox 1589 2409 1882 2473; x_wconf 86' lang='lat' dir='ltr'>subiecta</span> <span class='ocrx_word' id='word_1_173' title='bbox 1926 2414 2024 2472; x_wconf 88' lang='lat' dir='ltr'>est</span> <span class='ocrx_word' id='word_1_174' title='bbox 2070 2408 2411 2484; x_wconf 88' lang='lat' dir='ltr'>sententia,</span> <span class='ocrx_word' id='word_1_175' title='bbox 2460 2424 2627 2489; x_wconf 88' lang='lat' dir='ltr'>quae</span> <span class='ocrx_word' id='word_1_176' title='bbox 2674 2405 3044 2468; x_wconf 88' lang='lat' dir='ltr'>auditorum</span> 
     </span>
     <span class='ocr_line' id='line_1_20' title="bbox 311 2512 3044 2594; baseline -0.001 -17"><span class='ocrx_word' id='word_1_177' title='bbox 311 2532 506 2577; x_wconf 88' lang='lat' dir='ltr'>aures</span> <span class='ocrx_word' id='word_1_178' title='bbox 547 2513 792 2578; x_wconf 90' lang='lat' dir='ltr'>feriret:</span> <span class='ocrx_word' id='word_1_179' title='bbox 840 2514 1004 2577; x_wconf 92' lang='lat' dir='ltr'>hoc</span> <span class='ocrx_word' id='word_1_180' title='bbox 1060 2513 1763 2594; x_wconf 86' lang='lat' dir='ltr'>inexpugnabile</span> <span class='ocrx_word' id='word_1_181' title='bbox 1819 2513 2446 2576; x_wconf 91' lang='lat' dir='ltr'>munimentum</span> <span class='ocrx_word' id='word_1_182' title='bbox 2506 2512 3044 2574; x_wconf 88' lang='lat' dir='ltr'>munimento</span> 
     </span>
     <span class='ocr_line' id='line_1_21' title="bbox 288 2616 3042 2700; baseline -0.001 -17"><span class='ocrx_word' id='word_1_183' title='bbox 288 2636 796 2695; x_wconf 81' lang='lat' dir='ltr'>non-egere.</span> <span class='ocrx_word' id='word_1_184' title='bbox 845 2616 1014 2695; x_wconf 84' lang='lat' dir='ltr'>Quin</span> <span class='ocrx_word' id='word_1_185' title='bbox 1062 2637 1222 2683; x_wconf 89' lang='lat' dir='ltr'>vero</span> <span class='ocrx_word' id='word_1_186' title='bbox 1273 2618 1515 2681; x_wconf 81' lang='lat' dir='ltr'>Plinius</span> <span class='ocrx_word' id='word_1_187' title='bbox 1563 2619 1854 2682; x_wconf 86' lang='lat' dir='ltr'>Senecae</span> <span class='ocrx_word' id='word_1_188' title='bbox 1900 2618 2174 2696; x_wconf 87' lang='lat' dir='ltr'>vestigia</span> <span class='ocrx_word' id='word_1_189' title='bbox 2222 2617 2544 2700; x_wconf 80' lang='lat' dir='ltr'>presserit,</span> <span class='ocrx_word' id='word_1_190' title='bbox 2591 2617 2700 2699; x_wconf 89' lang='lat' dir='ltr'>qui</span> <span class='ocrx_word' id='word_1_191' title='bbox 2747 2617 2827 2680; x_wconf 93' lang='lat' dir='ltr'>de</span> <span class='ocrx_word' id='word_1_192' title='bbox 2858 2616 3042 2680; x_wconf 87' lang='lat' dir='ltr'>clem.</span> 
     </span>
     <span class='ocr_line' id='line_1_22' title="bbox 306 2723 3045 2805; baseline 0 -19"><span class='ocrx_word' id='word_1_193' title='bbox 306 2725 352 2801; x_wconf 83' lang='lat' dir='ltr'>I,</span> <span class='ocrx_word' id='word_1_194' title='bbox 410 2727 484 2789; x_wconf 87' lang='lat'>19</span> <span class='ocrx_word' id='word_1_195' title='bbox 531 2724 807 2787; x_wconf 85' lang='lat' dir='ltr'>eandem</span> <span class='ocrx_word' id='word_1_196' title='bbox 871 2726 1212 2788; x_wconf 90' lang='lat' dir='ltr'>materiam</span> <span class='ocrx_word' id='word_1_197' title='bbox 1275 2726 1468 2788; x_wconf 88' lang='lat' dir='ltr'>simili</span> <span class='ocrx_word' id='word_1_198' title='bbox 1531 2726 1835 2790; x_wconf 88' lang='lat' dir='ltr'>tractavit</span> <span class='ocrx_word' id='word_1_199' title='bbox 1882 2726 2097 2802; x_wconf 85' lang='lat' dir='ltr'>modo,</span> <span class='ocrx_word' id='word_1_200' title='bbox 2162 2726 2430 2789; x_wconf 89' lang='lat' dir='ltr'>omnino</span> <span class='ocrx_word' id='word_1_201' title='bbox 2475 2725 2759 2788; x_wconf 90' lang='lat' dir='ltr'>dubitari</span> <span class='ocrx_word' id='word_1_202' title='bbox 2807 2723 3045 2805; x_wconf 88' lang='lat' dir='ltr'>nequit.</span> 
     </span>
     <span class='ocr_line' id='line_1_23' title="bbox 309 2830 3043 2913; baseline 0 -21"><span class='ocrx_word' id='word_1_203' title='bbox 309 2830 475 2913; x_wconf 87' lang='lat' dir='ltr'>Nam</span> <span class='ocrx_word' id='word_1_204' title='bbox 520 2836 776 2909; x_wconf 88' lang='lat' dir='ltr'>praeter</span> <span class='ocrx_word' id='word_1_205' title='bbox 847 2837 1064 2894; x_wconf 88' lang='lat' dir='ltr'>cetera</span> <span class='ocrx_word' id='word_1_206' title='bbox 1126 2832 1323 2894; x_wconf 86' lang='lat' dir='ltr'>etiam</span> <span class='ocrx_word' id='word_1_207' title='bbox 1385 2831 1539 2894; x_wconf 91' lang='lat' dir='ltr'>illud</span> <span class='ocrx_word' id='word_1_208' title='bbox 1588 2831 1762 2912; x_wconf 89' lang='lat' dir='ltr'>apud</span> <span class='ocrx_word' id='word_1_209' title='bbox 1810 2832 2130 2895; x_wconf 88' lang='lat' dir='ltr'>Senecam</span> <span class='ocrx_word' id='word_1_210' title='bbox 2179 2831 2479 2909; x_wconf 89' lang='lat' dir='ltr'>legimus:</span> <span class='ocrx_word' id='word_1_211' title='bbox 2530 2849 2735 2893; x_wconf 92' lang='lat' dir='ltr'>unum</span> <span class='ocrx_word' id='word_1_212' title='bbox 2782 2837 2882 2893; x_wconf 92' lang='lat' dir='ltr'>est</span> <span class='ocrx_word' id='word_1_213' title='bbox 2926 2831 3043 2892; x_wconf 84' lang='lat' dir='ltr'>in-</span> 
     </span>
     <span class='ocr_line' id='line_1_24' title="bbox 307 2934 3042 3015; baseline -0 -17"><span class='ocrx_word' id='word_1_214' title='bbox 307 2934 874 3015; x_wconf 87' lang='lat' dir='ltr'>expugnabile</span> <span class='ocrx_word' id='word_1_215' title='bbox 955 2936 1590 3011; x_wconf 85' lang='lat' dir='ltr'>munimentum,</span> <span class='ocrx_word' id='word_1_216' title='bbox 1665 2955 1852 3000; x_wconf 90' lang='lat' dir='ltr'>amor</span> <span class='ocrx_word' id='word_1_217' title='bbox 1919 2938 2193 3000; x_wconf 88' lang='lat' dir='ltr'>civium..</span> <span class='ocrx_word' id='word_1_218' title='bbox 2286 2937 2370 3001; x_wconf 87' lang='lat' dir='ltr'>At</span> <span class='ocrx_word' id='word_1_219' title='bbox 2448 2954 2531 3000; x_wconf 92' lang='lat' dir='ltr'>ne</span> <span class='ocrx_word' id='word_1_220' title='bbox 2600 2935 2704 2999; x_wconf 93' lang='lat' dir='ltr'>hic</span> <span class='ocrx_word' id='word_1_221' title='bbox 2782 2934 3042 3015; x_wconf 88' lang='lat' dir='ltr'>quidem</span> 
     </span>
     <span class='ocr_line' id='line_1_25' title="bbox 308 3039 3045 3122; baseline 0.001 -21"><span class='ocrx_word' id='word_1_222' title='bbox 308 3040 582 3103; x_wconf 89' lang='lat' dir='ltr'>imitatio</span> <span class='ocrx_word' id='word_1_223' title='bbox 624 3040 912 3105; x_wconf 86' lang='lat' dir='ltr'>Senecae</span> <span class='ocrx_word' id='word_1_224' title='bbox 949 3040 1250 3103; x_wconf 88' lang='lat' dir='ltr'>substitit.</span> <span class='ocrx_word' id='word_1_225' title='bbox 1297 3039 1464 3103; x_wconf 89' lang='lat' dir='ltr'>Nam</span> <span class='ocrx_word' id='word_1_226' title='bbox 1512 3041 1709 3103; x_wconf 92' lang='lat' dir='ltr'>totius</span> <span class='ocrx_word' id='word_1_227' title='bbox 1760 3042 2120 3105; x_wconf 88' lang='lat' dir='ltr'>sententiae</span> <span class='ocrx_word' id='word_1_228' title='bbox 2154 3041 2506 3120; x_wconf 89' lang='lat' dir='ltr'>Plinianae,</span> <span class='ocrx_word' id='word_1_229' title='bbox 2557 3060 2723 3122; x_wconf 88' lang='lat' dir='ltr'>quae</span> <span class='ocrx_word' id='word_1_230' title='bbox 2758 3041 3045 3106; x_wconf 90' lang='lat' dir='ltr'>studium</span> 
     </span>
     <span class='ocr_line' id='line_1_26' title="bbox 307 3144 3049 3228; baseline 0.002 -22"><span class='ocrx_word' id='word_1_231' title='bbox 307 3144 589 3207; x_wconf 86' lang='lat' dir='ltr'>rhetoris</span> <span class='ocrx_word' id='word_1_232' title='bbox 665 3147 1018 3209; x_wconf 84' lang='lat' dir='ltr'>sententias</span> <span class='ocrx_word' id='word_1_233' title='bbox 1095 3145 1404 3226; x_wconf 91' lang='lat' dir='ltr'>insperati</span> <span class='ocrx_word' id='word_1_234' title='bbox 1481 3145 1725 3226; x_wconf 90' lang='lat' dir='ltr'>aliquid</span> <span class='ocrx_word' id='word_1_235' title='bbox 1821 3147 2165 3211; x_wconf 87' lang='lat' dir='ltr'>afferentes</span> <span class='ocrx_word' id='word_1_236' title='bbox 2254 3148 2628 3228; x_wconf 88' lang='lat' dir='ltr'>aucupandi</span> <span class='ocrx_word' id='word_1_237' title='bbox 2704 3147 3049 3212; x_wconf 86' lang='lat' dir='ltr'>manifesto</span> 
     </span>
     <span class='ocr_line' id='line_1_27' title="bbox 309 3244 3042 3333; baseline 0.002 -23"><span class='ocrx_word' id='word_1_238' title='bbox 309 3248 542 3329; x_wconf 89' lang='lat' dir='ltr'>prodit,</span> <span class='ocrx_word' id='word_1_239' title='bbox 613 3249 944 3331; x_wconf 87' lang='lat' dir='ltr'>exemplar</span> <span class='ocrx_word' id='word_1_240' title='bbox 1013 3250 1301 3314; x_wconf 90' lang='lat' dir='ltr'>Senecae</span> <span class='ocrx_word' id='word_1_241' title='bbox 1368 3256 1466 3314; x_wconf 89' lang='lat' dir='ltr'>est</span> <span class='ocrx_word' id='word_1_242' title='bbox 1533 3250 2015 3314; x_wconf 87' lang='lat' dir='ltr'>vindicandum.</span> <span class='ocrx_word' id='word_1_243' title='bbox 2094 3244 2736 3317; x_wconf 86' lang='lat' dir='ltr'>Commonstraverat</span> <span class='ocrx_word' id='word_1_244' title='bbox 2806 3270 3042 3333; x_wconf 91' lang='lat' dir='ltr'>nempe</span> 
     </span>
     <span class='ocr_line' id='line_1_28' title="bbox 316 3353 3048 3437; baseline 0.002 -22"><span class='ocrx_word' id='word_1_245' title='bbox 316 3353 519 3416; x_wconf 90' lang='lat' dir='ltr'>Plinio</span> <span class='ocrx_word' id='word_1_246' title='bbox 594 3356 787 3426; x_wconf 86' lang='lat' dir='ltr'>viam,</span> <span class='ocrx_word' id='word_1_247' title='bbox 866 3355 974 3434; x_wconf 91' lang='lat' dir='ltr'>qui</span> <span class='ocrx_word' id='word_1_248' title='bbox 1049 3355 1118 3417; x_wconf 91' lang='lat' dir='ltr'>in</span> <span class='ocrx_word' id='word_1_249' title='bbox 1193 3355 1446 3434; x_wconf 89' lang='lat' dir='ltr'>dialogo</span> <span class='ocrx_word' id='word_1_250' title='bbox 1525 3355 1605 3420; x_wconf 91' lang='lat' dir='ltr'>de</span> <span class='ocrx_word' id='word_1_251' title='bbox 1682 3355 2088 3435; x_wconf 86' lang='lat' dir='ltr'>providentia</span> <span class='ocrx_word' id='word_1_252' title='bbox 2164 3357 2263 3437; x_wconf 88' lang='lat' dir='ltr'>VI,</span> <span class='ocrx_word' id='word_1_253' title='bbox 2331 3359 2372 3421; x_wconf 82' lang='lat'>5</span> <span class='ocrx_word' id='word_1_254' title='bbox 2419 3358 2582 3422; x_wconf 91' lang='lat' dir='ltr'>haec</span> <span class='ocrx_word' id='word_1_255' title='bbox 2630 3358 2820 3421; x_wconf 88' lang='lat' dir='ltr'>dixit:</span> <span class='ocrx_word' id='word_1_256' title='bbox 2884 3376 3048 3421; x_wconf 90' lang='lat' dir='ltr'>non</span> 
     </span>
     <span class='ocr_line' id='line_1_29' title="bbox 311 3458 3049 3540; baseline 0.002 -20"><span class='ocrx_word' id='word_1_257' title='bbox 311 3476 573 3537; x_wconf 89' lang='lat' dir='ltr'>egere</span> <span class='ocrx_word' id='word_1_258' title='bbox 650 3458 1094 3523; x_wconf 91' lang='lat' dir='ltr'>felicitate</span> <span class='ocrx_word' id='word_1_259' title='bbox 1177 3460 1572 3524; x_wconf 88' lang='lat' dir='ltr'>felicitas</span> <span class='ocrx_word' id='word_1_260' title='bbox 1652 3468 1963 3525; x_wconf 87' lang='lat' dir='ltr'>vestra</span> <span class='ocrx_word' id='word_1_261' title='bbox 2044 3470 2198 3526; x_wconf 89' lang='lat' dir='ltr'>est.</span> <span class='ocrx_word' id='word_1_262' title='bbox 2285 3464 2779 3531; x_wconf 77' lang='lat' dir='ltr'>inventiuncula</span> <span class='ocrx_word' id='word_1_263' title='bbox 2854 3462 3049 3540; x_wconf 89' lang='lat' dir='ltr'>igitur</span> 
     </span>
     <span class='ocr_line' id='line_1_30' title="bbox 310 3561 3039 3647; baseline 0.001 -21"><span class='ocrx_word' id='word_1_264' title='bbox 310 3561 623 3639; x_wconf 86' lang='lat' dir='ltr'>Senecae,</span> <span class='ocrx_word' id='word_1_265' title='bbox 702 3583 868 3644; x_wconf 89' lang='lat' dir='ltr'>quae</span> <span class='ocrx_word' id='word_1_266' title='bbox 944 3565 1183 3643; x_wconf 88' lang='lat' dir='ltr'>ingenii</span> <span class='ocrx_word' id='word_1_267' title='bbox 1252 3564 1484 3629; x_wconf 89' lang='lat' dir='ltr'>faciem</span> <span class='ocrx_word' id='word_1_268' title='bbox 1556 3565 2023 3646; x_wconf 89' lang='lat' dir='ltr'>blandiebatur,</span> <span class='ocrx_word' id='word_1_269' title='bbox 2094 3567 2184 3630; x_wconf 89' lang='lat' dir='ltr'>ita</span> <span class='ocrx_word' id='word_1_270' title='bbox 2230 3567 2583 3631; x_wconf 88' lang='lat' dir='ltr'>delectatus</span> <span class='ocrx_word' id='word_1_271' title='bbox 2632 3562 2732 3631; x_wconf 89' lang='lat' dir='ltr'>est</span> <span class='ocrx_word' id='word_1_272' title='bbox 2779 3567 3039 3647; x_wconf 82' lang='lat' dir='ltr'>Plinius,</span> 
     </span>
     <span class='ocr_line' id='line_1_31' title="bbox 314 3669 2741 3754; baseline 0.002 -23"><span class='ocrx_word' id='word_1_273' title='bbox 314 3674 387 3731; x_wconf 90' lang='lat' dir='ltr'>ut</span> <span class='ocrx_word' id='word_1_274' title='bbox 431 3686 577 3732; x_wconf 89' lang='lat' dir='ltr'>eam</span> <span class='ocrx_word' id='word_1_275' title='bbox 617 3669 758 3733; x_wconf 89' lang='lat' dir='ltr'>sine</span> <span class='ocrx_word' id='word_1_276' title='bbox 805 3671 1114 3751; x_wconf 89' lang='lat' dir='ltr'>progenie</span> <span class='ocrx_word' id='word_1_277' title='bbox 1169 3671 1392 3734; x_wconf 90' lang='lat' dir='ltr'>nescio</span> <span class='ocrx_word' id='word_1_278' title='bbox 1440 3689 1527 3734; x_wconf 90' lang='lat' dir='ltr'>an</span> <span class='ocrx_word' id='word_1_279' title='bbox 1574 3671 1907 3736; x_wconf 90' lang='lat' dir='ltr'>vitiosiore</span> <span class='ocrx_word' id='word_1_280' title='bbox 1953 3672 2167 3753; x_wconf 90' lang='lat' dir='ltr'>perire</span> <span class='ocrx_word' id='word_1_281' title='bbox 2215 3692 2346 3736; x_wconf 94' lang='lat' dir='ltr'>non</span> <span class='ocrx_word' id='word_1_282' title='bbox 2395 3681 2741 3754; x_wconf 87' lang='lat' dir='ltr'>pateretur.</span> 
     </span>
    </p>
   </div>
   <div class='ocr_carea' id='block_1_2' title="bbox 317 3982 3056 4809">
    <p class='ocr_par' dir='ltr' id='par_1_3' title="bbox 317 3982 3056 4809">
     <span class='ocr_line' id='line_1_32' title="bbox 529 3982 3048 4067; baseline 0.003 -21"><span class='ocrx_word' id='word_1_283' title='bbox 529 3982 1168 4061; x_wconf 87' lang='lat' dir='ltr'>Dissertatiunculae,</span> <span class='ocrx_word' id='word_1_284' title='bbox 1237 4002 1404 4064; x_wconf 87' lang='lat' dir='ltr'>quae</span> <span class='ocrx_word' id='word_1_285' title='bbox 1462 3985 1708 4049; x_wconf 90' lang='lat' dir='ltr'>tamdiu</span> <span class='ocrx_word' id='word_1_286' title='bbox 1780 3986 1847 4048; x_wconf 93' lang='lat' dir='ltr'>in</span> <span class='ocrx_word' id='word_1_287' title='bbox 1910 3986 2244 4052; x_wconf 88' lang='lat' dir='ltr'>rhetorum</span> <span class='ocrx_word' id='word_1_288' title='bbox 2292 3988 2584 4061; x_wconf 64' lang='lat' dir='ltr'>hortulis,</span> <span class='ocrx_word' id='word_1_289' title='bbox 2629 3997 2887 4053; x_wconf 84' lang='lat' dir='ltr'>versata</span> <span class='ocrx_word' id='word_1_290' title='bbox 2934 3997 3048 4067; x_wconf 85' lang='lat' dir='ltr'>est,</span> 
     </span>
     <span class='ocr_line' id='line_1_33' title="bbox 319 4088 3049 4170; baseline 0.004 -21"><span class='ocrx_word' id='word_1_291' title='bbox 319 4105 456 4150; x_wconf 90' lang='lat' dir='ltr'>non</span> <span class='ocrx_word' id='word_1_292' title='bbox 494 4088 661 4152; x_wconf 89' lang='lat' dir='ltr'>bella</span> <span class='ocrx_word' id='word_1_293' title='bbox 694 4107 906 4170; x_wconf 91' lang='lat' dir='ltr'>neque</span> <span class='ocrx_word' id='word_1_294' title='bbox 937 4089 1197 4152; x_wconf 89' lang='lat' dir='ltr'>sonanti</span> <span class='ocrx_word' id='word_1_295' title='bbox 1229 4088 1520 4153; x_wconf 91' lang='lat' dir='ltr'>clausula</span> <span class='ocrx_word' id='word_1_296' title='bbox 1567 4091 1762 4154; x_wconf 84' lang='lat' dir='ltr'>finem</span> <span class='ocrx_word' id='word_1_297' title='bbox 1812 4090 2154 4169; x_wconf 77' lang='lat' dir='ltr'>faciemUS,</span> <span class='ocrx_word' id='word_1_298' title='bbox 2204 4091 2318 4157; x_wconf 89' lang='lat' dir='ltr'>sed</span> <span class='ocrx_word' id='word_1_299' title='bbox 2364 4094 2432 4157; x_wconf 91' lang='lat' dir='ltr'>in</span> <span class='ocrx_word' id='word_1_300' title='bbox 2478 4094 2653 4158; x_wconf 89' lang='lat' dir='ltr'>calce</span> <span class='ocrx_word' id='word_1_301' title='bbox 2702 4096 2841 4160; x_wconf 91' lang='lat' dir='ltr'>eius</span> <span class='ocrx_word' id='word_1_302' title='bbox 2888 4095 3049 4160; x_wconf 90' lang='lat' dir='ltr'>duos</span> 
     </span>
     <span class='ocr_line' id='line_1_34' title="bbox 317 4194 3053 4275; baseline 0.004 -21"><span class='ocrx_word' id='word_1_303' title='bbox 317 4198 666 4257; x_wconf 87' lang='lat' dir='ltr'>auctorum</span> <span class='ocrx_word' id='word_1_304' title='bbox 734 4194 915 4258; x_wconf 90' lang='lat' dir='ltr'>locos</span> <span class='ocrx_word' id='word_1_305' title='bbox 963 4194 1199 4257; x_wconf 89' lang='lat' dir='ltr'>misere</span> <span class='ocrx_word' id='word_1_306' title='bbox 1245 4194 1636 4275; x_wconf 87' lang='lat' dir='ltr'>depravatos</span> <span class='ocrx_word' id='word_1_307' title='bbox 1678 4214 1915 4260; x_wconf 87' lang='lat' dir='ltr'>sanare</span> <span class='ocrx_word' id='word_1_308' title='bbox 1963 4197 2364 4261; x_wconf 87' lang='lat' dir='ltr'>conabimur.</span> <span class='ocrx_word' id='word_1_309' title='bbox 2446 4198 2617 4263; x_wconf 93' lang='lat' dir='ltr'>Loco</span> <span class='ocrx_word' id='word_1_310' title='bbox 2665 4201 3053 4265; x_wconf 90' lang='lat' dir='ltr'>Tacitino</span> 
     </span>
     <span class='ocr_line' id='line_1_35' title="bbox 323 4298 3054 4382; baseline 0.004 -22"><span class='ocrx_word' id='word_1_311' title='bbox 323 4298 489 4360; x_wconf 90' lang='lat' dir='ltr'>Ann.</span> <span class='ocrx_word' id='word_1_312' title='bbox 536 4298 586 4374; x_wconf 97' lang='lat' dir='ltr'>I,</span> <span class='ocrx_word' id='word_1_313' title='bbox 662 4300 702 4361; x_wconf 88' lang='lat'><em>8</em></span> <span class='ocrx_word' id='word_1_314' title='bbox 777 4317 906 4381; x_wconf 88' lang='lat' dir='ltr'>quo</span> <span class='ocrx_word' id='word_1_315' title='bbox 976 4299 1055 4363; x_wconf 93' lang='lat' dir='ltr'>de</span> <span class='ocrx_word' id='word_1_316' title='bbox 1122 4300 1447 4380; x_wconf 88' lang='lat' dir='ltr'>supremis</span> <span class='ocrx_word' id='word_1_317' title='bbox 1491 4300 1767 4378; x_wconf 89' lang='lat' dir='ltr'>Augusti</span> <span class='ocrx_word' id='word_1_318' title='bbox 1812 4302 2039 4382; x_wconf 90' lang='lat' dir='ltr'>agitur,</span> <span class='ocrx_word' id='word_1_319' title='bbox 2115 4305 2279 4368; x_wconf 89' lang='lat' dir='ltr'>haec</span> <span class='ocrx_word' id='word_1_320' title='bbox 2322 4304 2393 4367; x_wconf 91' lang='lat' dir='ltr'>in</span> <span class='ocrx_word' id='word_1_321' title='bbox 2438 4305 2772 4369; x_wconf 92' lang='lat' dir='ltr'>codicibus</span> <span class='ocrx_word' id='word_1_322' title='bbox 2816 4305 3054 4370; x_wconf 87' lang='lat' dir='ltr'>tradita</span> 
     </span>
     <span class='ocr_line' id='line_1_36' title="bbox 320 4403 3050 4489; baseline 0.004 -24"><span class='ocrx_word' id='word_1_323' title='bbox 320 4409 494 4466; x_wconf 87' lang='lat' dir='ltr'>sunt:</span> <span class='ocrx_word' id='word_1_324' title='bbox 569 4403 735 4466; x_wconf 90' lang='lat' dir='ltr'>Tum</span> <span class='ocrx_word' id='word_1_325' title='bbox 804 4404 1243 4468; x_wconf 88' lang='lat' dir='ltr'>consultatum</span> <span class='ocrx_word' id='word_1_326' title='bbox 1312 4405 1392 4469; x_wconf 91' lang='lat' dir='ltr'>de</span> <span class='ocrx_word' id='word_1_327' title='bbox 1463 4405 1849 4477; x_wconf 85' lang='lat' dir='ltr'>honoribus:</span> <span class='ocrx_word' id='word_1_328' title='bbox 1926 4425 2008 4471; x_wconf 88' lang='lat' dir='ltr'>ex</span> <span class='ocrx_word' id='word_1_329' title='bbox 2055 4409 2200 4489; x_wconf 92' lang='lat' dir='ltr'>quis</span> <span class='ocrx_word' id='word_1_330' title='bbox 2248 4410 2530 4474; x_wconf 89' lang='lat' dir='ltr'>maxime</span> <span class='ocrx_word' id='word_1_331' title='bbox 2575 4411 2861 4489; x_wconf 91' lang='lat' dir='ltr'>insignes</span> <span class='ocrx_word' id='word_1_332' title='bbox 2908 4412 3050 4489; x_wconf 89' lang='lat' dir='ltr'>visi,</span> 
     </span>
     <span class='ocr_line' id='line_1_37' title="bbox 325 4509 3053 4596; baseline 0.004 -26"><span class='ocrx_word' id='word_1_333' title='bbox 325 4514 397 4571; x_wconf 93' lang='lat' dir='ltr'>ut</span> <span class='ocrx_word' id='word_1_334' title='bbox 444 4513 631 4587; x_wconf 90' lang='lat' dir='ltr'>porta</span> <span class='ocrx_word' id='word_1_335' title='bbox 675 4509 1053 4590; x_wconf 89' lang='lat' dir='ltr'>triumphali</span> <span class='ocrx_word' id='word_1_336' title='bbox 1100 4510 1448 4574; x_wconf 88' lang='lat' dir='ltr'>duceretur</span> <span class='ocrx_word' id='word_1_337' title='bbox 1493 4510 1706 4587; x_wconf 88' lang='lat' dir='ltr'>funus,</span> <span class='ocrx_word' id='word_1_338' title='bbox 1780 4512 2003 4576; x_wconf 85' lang='lat' dir='ltr'>Gallus</span> <span class='ocrx_word' id='word_1_339' title='bbox 2047 4514 2329 4596; x_wconf 56' lang='lat' dir='ltr'>Asinius</span> <span class='ocrx_word' id='word_1_340' title='bbox 2396 4523 2468 4580; x_wconf 93' lang='lat' dir='ltr'>ut</span> <span class='ocrx_word' id='word_1_341' title='bbox 2510 4516 2728 4595; x_wconf 91' lang='lat' dir='ltr'>legum</span> <span class='ocrx_word' id='word_1_342' title='bbox 2773 4518 3053 4581; x_wconf 88' lang='lat' dir='ltr'>latarum</span> 
     </span>
     <span class='ocr_line' id='line_1_38' title="bbox 323 4612 3051 4699; baseline 0.004 -23"><span class='ocrx_word' id='word_1_343' title='bbox 323 4612 489 4676; x_wconf 87' lang='lat' dir='ltr'>tituli</span> <span class='ocrx_word' id='word_1_344' title='bbox 537 4661 799 4678; x_wconf 91' lang='grc'><strong>.....</strong></span> <span class='ocrx_word' id='word_1_345' title='bbox 847 4613 1346 4696; x_wconf 87' lang='lat' dir='ltr'>anteferrentur,</span> <span class='ocrx_word' id='word_1_346' title='bbox 1427 4615 1490 4679; x_wconf 92' lang='lat' dir='ltr'>L.</span> <span class='ocrx_word' id='word_1_347' title='bbox 1564 4616 1911 4681; x_wconf 89' lang='lat' dir='ltr'>Arruntius</span> <span class='ocrx_word' id='word_1_348' title='bbox 1987 4636 2316 4684; x_wconf 89' lang='lat' dir='ltr'>censuere.</span> <span class='ocrx_word' id='word_1_349' title='bbox 2394 4658 2470 4667; x_wconf 88' lang='lat'>-—-</span> <span class='ocrx_word' id='word_1_350' title='bbox 2550 4620 2758 4699; x_wconf 87' lang='lat' dir='ltr'>Quem</span> <span class='ocrx_word' id='word_1_351' title='bbox 2804 4630 3051 4687; x_wconf 89' lang='lat' dir='ltr'>textum</span> 
     </span>
     <span class='ocr_line' id='line_1_39' title="bbox 325 4717 3056 4809; baseline 0.006 -30"><span class='ocrx_word' id='word_1_352' title='bbox 325 4717 507 4795; x_wconf 89' lang='lat' dir='ltr'>gravi</span> <span class='ocrx_word' id='word_1_353' title='bbox 553 4719 922 4800; x_wconf 89' lang='lat' dir='ltr'>corruptela</span> <span class='ocrx_word' id='word_1_354' title='bbox 966 4718 1266 4785; x_wconf 89' lang='lat' dir='ltr'>laborare</span> <span class='ocrx_word' id='word_1_355' title='bbox 1313 4739 1542 4785; x_wconf 89' lang='lat' dir='ltr'>omnes</span> <span class='ocrx_word' id='word_1_356' title='bbox 1589 4722 1782 4787; x_wconf 92' lang='lat' dir='ltr'>hodie</span> <span class='ocrx_word' id='word_1_357' title='bbox 1832 4727 2261 4791; x_wconf 89' lang='lat' dir='ltr'>consentiunt.</span> <span class='ocrx_word' id='word_1_358' title='bbox 2309 4728 2527 4809; x_wconf 90' lang='lat' dir='ltr'>Itaque</span> <span class='ocrx_word' id='word_1_359' title='bbox 2575 4729 3056 4808; x_wconf 89' lang='lat' dir='ltr'>Bezzenberge-</span> 
     </span>
    </p>
   </div>
  </div>
 </body>
</html>
